2258 4170
180 184 242 254 420
330 182 339 199 ‘
499 188 643 251 Enarrat'to
666 186 781 252 uberior
874 200 881 270 J
927 230 946 299 .Ι
996 222 999 227 -

176 373 297 451 peccori
320 377 518 448 negaverunt,
543 362 569 431 si
591 369 755 446 quis'oum
777 356 933 437 maritata,
956 372 1008 457 aot
1027 367 1086 437 eite-

176 480 240 540 rius
280 495 375 539 uxore
412 474 620 537 concumbens
661 475 786 552 petitam
819 473 1010 548 voluptatem
1024 489 1111 544 ‚noar

178 584 347 661 perciperet
356 591 412 643 etc.
447 580 498 640 Sic
508 587 539 640 et
557 577 691 657 theoiogi
714 577 813 642 nostri
836 592 905 641 seu„
918 575 1085 654 Mateeolugi

80 712 87 737 ι
176 690 406 767 potiussuaves
419 685 560 746 homines
582 691 750 763 coeperunt
774 684 908 755 docere,
929 682 1084 746 iomicatio·

177 805 245 850 nem
269 786 436 863 simplicem
459 805 519 851 uon
542 806 615 851 esse
637 790 813 867 peccatum,
845 778 923 865 quia
944 787 1084 852 Terentius

111 894 115 905 '
177 894 265 965 dixit,
299 909 358 955 uun
387 903 434 956 est
462 894 608 973 flagitium
637 895 765 957 scortari
788 882 1029 958 adolescentem.
1063 894 1083 957 0

123 1022 129 1027 ·
176 1000 310 1077 impiam,
325 1002 511 1071 sceleratam
524 1008 554 1062 et
568 994 743 1079 pudendam
753 1007 855 1078 atque
876 999 1082 1061 exsecrandam

120 1163 123 1169 .
177 1120 295 1175 vocem,
317 1106 489 1182 approbare
502 1113 532 1168 et
541 1106 696 1168 excusare
716 1105 974 1168 scortationema
995 1105 1083 1183 spiritu

176 1218 283 1273 sancto
299 1203 404 1288 aperte
425 1212 609 1282 damnatam,
632 1213 683 1289 qui
697 1212 778 1272 clare
800 1210 994 1289 pronunciat,
1014 1204 1092 1273 soor!

176 1324 367 1393 totoresuou
383 1332 589 1394 possessuros
602 1299 728 1396 regnum
743 1316 807 1388 Dei,
830 1317 906 1379 item
917 1313 1081 1392 iudicandos

175 1405 339 1487 odomino
359 1431 415 1486 etc.
956 1418 961 1427 ’
1087 1412 1090 1417 ’

259 1528 342 1615 Haec
365 1538 437 1590 sunt
457 1531 508 1592 itta
530 1531 697 1607 praeclara,
718 1527 845 1602 scilicet,
867 1534 1005 1605 papatus
1024 1545 1082 1591 con

176 1633 254 1704 sitia,
277 1635 389 1712 quibus
403 1637 520 1698 scelera
542 1642 572 1697 et
587 1633 710 1712 flagitia.
723 1633 856 1696 nefanda
878 1633 1081 1697 stabiliverunt

174 1735 253 1813 Ego.
289 1756 358 1802 cum
394 1741 589 1804 occasionem
624 1741 697 1801 mihi
724 1740 802 1802 torte
829 1737 1083 1802 subministrasset

175 1842 274 1921 Lyrae
288 1861 424 1919 erroneo,
439 1845 645 1925 interpretatio
667 1825 787 1917 dicendi
810 1846 848 1907 de
871 1844 922 1906 his
946 1837 1083 1907 consitiis

174 1948 272 2010 obiter
284 1966 415 2013 errorem
427 1950 517 2024 huuc,
540 1958 574 2014 ut
587 1951 659 2027 dixi,
680 1951 815 2012 indicare
837 1951 930 2023 volui,
953 1950 1085 2014 ad'com

175 2042 517 2130 madefaciendosvv'irs,
549 2064 582 2119 ut
600 2074 673 2119 eum
696 2055 1018 2145 serio-exsecremini,
1046 2064 1084 2120 ut·

114 2172 117 2177 ·
175 2177 236 2240 que
258 2161 405 2224 obturetis
428 2180 482 2225 ora
503 2152 766 2235 adversariorum,
792 2163 845 2240 qui
864 2161 951 2224 hunc
972 2161 1092 2225 horren·-

173 2266 245 2327 dum
282 2274 313 2328 et
340 2267 463 2345 impium
492 2285 623 2332 errorem
653 2271 684 2330 iu
711 2256 877 2330 ecclesiam
906 2269 1086 2341 invexerunt

172 2388 230 2433 uec
263 2380 363 2433 tamen
393 2389 524 2436 errorem
553 2375 655 2447 fateri,
693 2381 745 2436 aut
772 2366 895 2452 cuipam
925 2386 1087 2451 agnoscere

115 2502 117 2509 ·
172 2477 331 2550 sustinent,
351 2480 497 2556 quamvis
515 2479 588 2542 nihil
605 2478 747 2551 habeant,
769 2480 853 2558 quod
876 2480 1086 2559 respondeant

172 2591 202 2644 et
229 2600 291 2661 quo
318 2599 354 2645 se
377 2592 538 2659 excusent,
556 2594 624 2673 =am
647 2585 830 2648 horrendum
852 2584 939 2649 huno
962 2603 1086 2649 errorem

101 2702 105 2711 “
173 2696 336 2752 tueantur·
366 2689 531 2773 Per·hauc
561 2691 727 2754 doctrinam
751 2691 906 2753 subtatum
931 2702 983 2755 est
1003 2710 1085 2754 evan·

57 2780 66 2801 ⁸
171 2796 281 2871 getium
303 2790 373 2858 'uum
394 2797 476 2873 lege,
506 2804 536 2858 et
558 2798 734 2869 translatum
758 2797 796 2858 ad
819 2799 1011 2872 monachos,
1041 2799 1084 2877 qui

170 2904 244 2974 soii,
275 2903 388 2966 si'Deo
411 2893 673 2986 placet„'scrvare
695 2910 834 2981 poterant
856 2906 1018 2966 consilia·
1041 2905 1085 2973 Sic

171 3008 385 3071 erucifixerunt
407 3009 540 3071 verbom'
558 3010 625 3082 Dei,
655 3019 685 3071 et
700 3011 893 3073 sustulerunt
915 3010 958 3071 de
980 3009 1082 3071 mundo

170 3118 276 3188 sotem,
297 3114 448 3178 Christum
466 3117 661 3177 salvatorem.
703 3115 768 3177 Hoc
789 3117 893 3178 scetus
917 3116 979 3177 ittis
1001 3113 1082 3191 objici

62 3234 70 3247 ⁸
169 3221 273 3291 debet,
303 3237 371 3281 cum
401 3221 438 3281 de
457 3222 507 3280 itta
529 3237 586 3281 sua
610 3222 729 3297 impura
751 3222 938 3297 perfectione
960 3223 1082 3297 glorian·

168 3334 223 3386 tur:
246 3325 330 3408 'Nec
357 3329 426 3388 leve
454 3325 484 3386 id
513 3327 615 3386 scetus
644 3333 705 3396 est,
733 3325 788 3387 sed
810 3333 872 3386 tam
895 3335 1002 3406 atrox,
1028 3314 1079 3388 turn

168 3426 292 3492 enorme
313 3430 468 3507 flagitium,
482 3430 637 3492 :ut-Turca
660 3431 784 3509 gravius
806 3437 918 3495 contra
936 3431 1095 3494 Christum-

167 3553 227 3597 non
251 3535 450 3607 commiserit,
473 3552 529 3623 uec
551 3535 709 3599 admittere
731 3534 845 3613 possit,
869 3544 967 3616 utque
990 3540 1079 3602 Turno

169 3641 275 3702 metior
296 3631 342 3701 sit
370 3641 453 3714 istis,
491 3642 545 3719 qui
571 3640 755 3705 horrendum
769 3639 868 3705 -huuc
890 3648 1026 3707 errorem
1045 3644 1078 3707 de

167 3746 303 3809 consiliis
325 3747 509 3810 invexerunt.
874 3736 878 3743 ’
