2258 4170
424 176 510 255 (δερ
530 170 559 238 9.
580 176 690 237 Esaiae.
958 167 1019 236 381
1057 135 1060 142 Ι

103 357 204 433 legem
229 355 432 441 conscientiae
454 356 673 417 accusatricem
704 352 778 416 nihil
809 359 926 435 potest,
952 354 1050 416 nul-1

105 462 170 523 lam
192 461 287 523 babet
309 462 420 534 aciem,
440 464 670 534 nonvulnerat,
691 477 750 522 non
771 460 877 534 laedit,
899 476 959 523 uon
975 461 1022 520 lu-

106 575 185 647 gat,
198 583 259 630 non
281 568 383 629 caedit
401 565 514 647 hostes
530 569 607 630 istos
619 572 742 658 nostros
755 565 940 645 spirituales.
970 564 1022 629 lli·.
1070 610 1072 614 ι

104 672 149 734 hil
170 675 274 753 itaque
296 674 363 751 spei
384 673 474 736 uobis
495 681 544 736 ert
563 673 593 736 in
615 673 673 735 illis
687 673 779 735 armis
801 671 1020 751 corporalibus

103 778 296 854 Abjiciuutur
317 793 440 856 ergota
460 778 655 852 Christianis,
681 788 814 857 suntque
835 786 946 842 exusta
967 793 1022 857 per

103 884 206 960 ignem
228 884 360 962 Spiritus
381 885 489 947 sancti.
820 954 827 963 ,
857 895 860 899 ·
888 900 890 905 ⁴

186 988 264 1053 Su'at
293 997 393 1053 antem
425 998 540 1054 exusta
568 1007 628 1052 non
663 992 762 1053 solum
795 991 900 1069 quoad
926 1007 1017 1053 usum

103 1082 300 1173 spiritualem,
322 1104 373 1158 aul
394 1097 499 1176 quoad
509 1095 685 1174 spiritualia,
707 1097 865 1159 sedetiam
887 1098 1020 1172 externe,

103 1204 178 1281 quia
207 1202 403 1264 Christianus
437 1209 542 1263 contra
567 1201 773 1265 librislianum
806 1219 867 1265 non
894 1186 1019 1280 pugnat,

103 1310 275 1371 recutitur
296 1308 466 1379 armisillis
487 1309 709 1386 corporalibus.
738 1309 869 1386 Spiritus
890 1313 1017 1371 sauctus
1116 1306 1128 1316 '

104 1415 327 1477 eniminlusus
357 1415 386 1475 in
415 1412 508 1476 corda
529 1422 634 1477 nostra
665 1431 723 1478 nos
748 1421 857 1489 mutat,
889 1430 1017 1477 concor·
1075 1396 1079 1403 ’

102 1521 235 1600 diaeque
256 1535 390 1582 amorem
405 1519 553 1597 pacisque
573 1519 708 1582 studium
730 1521 821 1584 nobis
842 1521 955 1594 inserit,
976 1521 1016 1582 ad
1048 1525 1051 1531 “

100 1628 346 1690 benevolentiam
368 1631 504 1688 mutuam
526 1643 584 1690 nos
605 1626 721 1691 invitat.
763 1625 800 1688 El
822 1626 868 1689 sic
898 1626 1016 1690 animos
1120 1670 1123 1684 .

101 1741 226 1796 nostros
247 1733 334 1811 fingit
364 1750 401 1795 ac
420 1735 546 1807 format,
578 1739 611 1795 ut
642 1738 779 1796 mutuum
808 1732 1017 1796 condonemus

101 1837 249 1912 offensas,
270 1840 396 1902 libenter
412 1840 600 1904 remittamus
621 1840 741 1915 delicta,
773 1840 922 1918 patienter
942 1840 1019 1900 lole-

99 1961 206 2009 remus
228 1958 347 2010 errores
369 1955 399 2009 et
419 1948 653 2010 imbecillitatem
675 1948 705 2008 iu
726 1947 875 2025 proximo.
968 2003 970 2007 ,

184 2051 243 2113 llic
264 2059 312 2114 est
340 2053 419 2130 ignis
451 2054 500 2115 ille
521 2053 651 2131 Spiritus
672 2053 783 2126 sancti,
798 2064 800 2068 ·
816 2051 959 2113 mutantis
987 2058 1018 2113 et

99 2156 279 2234 retingenlis
301 2158 395 2221 corda
416 2165 534 2232 nostra,
568 2160 614 2220 sic
634 2165 669 2220 ut
694 2174 751 2220 nec
779 2173 838 2235 ego
860 2162 965 2219 contra
985 2163 1016 2218 te

101 2281 161 2327 nec
185 2273 224 2328 'tu
252 2272 357 2327 contra
385 2281 435 2326 me
466 2264 669 2326 incidentibus
697 2266 773 2325 torto
794 2256 1016 2325 offensionibus
1068 2256 1079 2275 “’

103 2387 192 2433 arma
213 2371 328 2448 capias.
373 2370 450 2432 Sunt
470 2386 543 2447 ergo
567 2386 651 2433 arma
672 2368 920 2443 omniucarualia
939 2368 1017 2431 iuter

102 2493 178 2539 vere
199 2477 268 2556 pios
290 2476 452 2556 combusta
473 2484 503 2538 el
524 2477 553 2538 iu
576 2477 693 2539 cineres
713 2474 845 2539 redacta.

188 2583 285 2645 idem·
304 2583 377 2645 dicit
409 2583 445 2647 ll.
466 2582 579 2646 Paulus
606 2581 702 2674 llphe3
731 2578 766 2654 2,
790 2581 850 2644 ubi
873 2580 928 2642 ait:
960 2581 1019 2642 Per
1118 2581 1125 2593 '

105 2688 260 2752 Christum
284 2689 469 2751 destructam
489 2688 688 2761 inimicitiam,
717 2695 748 2750 et
768 2687 895 2750 dirutam
918 2701 1019 2748 muce-
1075 2674 1078 2681 ’

104 2797 181 2856 niem
201 2790 280 2857 inter
300 2811 358 2857 nos
380 2802 486 2871 gentes
509 2802 539 2857 et
558 2794 702 2867 ludaeos,
722 2809 843 2872 nosque
858 2779 1018 2870 copulatos
1045 2781 1052 2854 ’,

97 2909 137 2964 et
157 2901 369 2964 reconciliatos
397 2901 426 2962 in
453 2918 545 2964 unum
567 2916 695 2978 corpus,
724 2900 754 2962 iu
781 2915 874 2961 uuum
901 2915 1015 2961 novum

69 3028 73 3034 ¹
103 3007 268 3078 bominem,
289 3012 323 3068 ut
344 3005 484 3069 vivamus
506 3007 536 3068 in
549 3024 609 3070 uno
628 3024 731 3081 sensu,
753 3007 846 3071 corde
867 3013 898 3068 et
907 3005 1018 3082 anima.

105 3111 193 3187 Quod
216 3119 247 3174 tu
269 3112 377 3187 credis,
399 3112 491 3175 credo
513 3121 623 3190 elego,
645 3113 728 3192 quod
750 3122 782 3177 tu
796 3128 915 3192 speras,
935 3111 1016 3172 idem

106 3234 201 3296 spero
224 3226 253 3279 et
281 3234 349 3294 ego.
392 3219 468 3280 Hinc
496 3225 632 3281 mutuum
662 3230 813 3292 amamus,
847 3233 1018 3293 sumusque

103 3324 183 3384 inter
208 3340 265 3386 uos
287 3324 438 3385 carissimi
461 3326 576 3387 iratres.
617 3325 676 3388 Ubi
697 3326 790 3388 corda
811 3341 866 3403 par
888 3312 1015 3385 eandem

103 3427 197 3489 iidem
219 3435 290 3490 sunt
312 3429 484 3492 coadunata
514 3431 544 3493 in
575 3447 666 3495 unam
695 3432 840 3504 animam,
871 3431 914 3493 ibi
927 3439 1017 3493 ⁴certe

89 3551 165 3604 ¹non
186 3540 381 3611 potestesse
402 3535 523 3598 bellum.
946 3619 947 3623 Ἰ
1084 3614 1086 3619 ,

187 3639 253 3701 lloc
281 3648 329 3704 est
351 3629 460 3703 Christi
482 3643 601 3721 parvuli
627 3641 718 3719 hujus
739 3635 834 3706 nostri
856 3642 1017 3722 pacificum

105 3752 137 3807 et
161 3746 496 3827 almum-amabileque
523 3765 680 3826 regnum,
698 3736 870 3813 consistens
898 3751 929 3813 iu
957 3749 1018 3814 ilde
1087 3814 1089 3818 .
