2258 4170
100 168 163 236 444
197 180 208 216 -’
343 236 345 240 ,
424 171 582 231 'Enmmlio
603 172 717 231 uberior
826 196 865 210 ==
969 208 973 215 ,

100 351 184 416 hunc
214 353 315 417 locum
334 346 419 419 ‘non'
438 346 673 443 interpretanlul
703 318 757 411 de
772 348 838 412 filio
861 349 929 422 Dei,
961 367 1015 414 sen·

100 456 227 522 brochlo
248 457 367 520 Domini
383 457 513 528 -lllessin,
534 457 591 517 sed
612 457 652 519 de
673 457 754 545 ipsis
772 456 838 533 iam
861 450 1015 543 oppressis

23 629 26 634 ,
102 581 157 643 per
177 565 351 635 Romanos,
393 561 519 640 perditis
540 569 570 623 el
591 556 712 633 traditis
744 561 785 622 in?
804 561 1013 639 capitivitatem

68 682 70 687 ’
101 671 278 742 Romanam,
299 667 422 746 hocque
443 669 557 730 loeium
576 666 713 733 horribili
735 665 934 744 blasphemia
955 667 1010 753 nul-

21 840 25 849 ,
100 777 193 856 loque
213 777 243 853 ip
263 776 332 835 loeo
355 773 453 849 magis
475 789 513 837 ac
535 774 656 836 stultius
687 775 842 845 delirant,
871 787 964 851 quam
984 763 1007 833 in

101 876 163 938 hoc
182 876 233 941 53.
255 879 364 956 capite.
909 889 920 901 ·

174 975 298 1045 'Verum
316 983 455 1044 Christus
477 990 526 1044 cst
545 990 577 1045 et
597 983 707 1045 dicitur
722 1000 838 1046 servus
851 982 915 1052 Dei,
937 982 1009 1044 ideo·

101 1103 163 1166 que
191 1088 306 1150 missus
333 1090 382 1151 est
404 1105 423 1148 a
446 1095 546 1166 patre,
576 1090 712 1166 suscepit
741 1089 932 1171 functionem
953 1096 1035 1149 ser-'1

102 1196 207 1265 rilem,
239 1195 271 1257 id
293 1202 356 1265 esl,
390 1193 616 1255 ministerialem
638 1194 668 1253 in
691 1194 806 1280 uerbo,
840 1200 876 1254 ut
898 1193 1009 1254 doceret
1049 1244 1055 1253 .

101 1309 132 1362 cl
152 1308 269 1377 regeret
290 1301 358 1362 solo
382 1301 477 1363 verbo
498 1299 553 1362 lle'i
573 1298 793 1361 electosfilios
816 1299 872 1360 Dei
896 1299 1008 1359 credon-
1033 1283 1036 1291 ’

102 1415 164 1478 tes,
187 1406 235 1467 cui
259 1413 359 1468 temen
381 1405 464 1468 Deus
486 1390 609 1482 semper
628 1407 717 1482 signo
739 1394 908 1493 addicito
930 1411 961 1465 nt
978 1403 1009 1465 'sil
1039 1460 1055 1489 ,Ε

19 1536 23 1545 ·
100 1511 223 1588 signum
245 1512 345 1584 verbi,
367 1516 426 1577 noir
450 1509 861 1589 philosophiaerationnlls,
888 1525 948 1572 non
967 1527 1008 1571 sa-

4 1655 6 1662 ·
102 1617 329 1694 pientiaepnon
352 1618 514 1694 potentiae,
535 1632 594 1677 non
617 1632 780 1699 armorum,
803 1615 862 1679 sed
886 1615 1007 1677 servitus

102 1706 132 1789 el
159 1723 358 1785 ministerium
389 1712 660 1820 administrandum
679 1739 743 1801 -per
764 1721 937 1797 Christum,
969 1722 1008 1782 coi

102 1829 225 1893 domino
241 1870 244 1875 ,
260 1830 365 1907 dolum
401 1821 449 1890 est'
479 1828 606 1890 verbum
639 1844 696 1903 ex·
714 1831 875 1893 voluntate
891 1825 1008 1898 -divino,

75 1926 186 2028 'quod
220 1950 324 2012 neque
364 1932 575 2023 philosophie,
619 1951 718 2012 neque
746 1934 882 2013 politia,
920 1949 1010 2011 neque

102 2038 281 2103 oeconomia
313 2038 360 2116 (in
390 2045 535 2115 quantum
565 2039 757 2113 lalesfsum)
775 2039 887 2103 habet
930 2037 1012 2115 Soloe

103 2146 193 2206 Filius
204 2145 258 2206 Dei
278 2144 371 2206 babel
393 2145 422 2205 in
445 2145 577 2205 ecclesia
599 2161 667 2208 sua.
703 2145 775 2208 ldeo
790 2147 898 2223 incipit
918 2145 1011 2206 statim

103 2268 138 2313 se
159 2252 260 2329 ipsum
283 2251 448 2322 declarare,
470 2240 543 2327 orrid
566 2252 706 2323 voluerit,
728 2267 798 2329 cum
821 2250 900 2311 dixit
921 2250 1012 2327 capite

103 2354 298 2434 praecedenti
331 2354 387 2428 52,
429 2357 542 2432 Surge,
580 2357 706 2418 induere
745 2357 925 2442 fortitudine
961 2365 1012 2426 tuo,

104 2465 192 2541 quasi
215 2464 305 2549 dicut,
329 2464 398 2539 ¹volo
419 2462 522 2525 dicere
543 2462 582 2524 de
604 2478 695 2523 servo
718 2461 825 2532 unico,
848 2463 896 2523 cni
922 2461 1013 2523 nullus

106 2555 182 2644 alins
203 2558 568 2646 similis'comperendus
590 2577 637 2630 est
652 2568 731 2631 enim
744 2567 894 2629 Dominus
907 2556 1014 2643 gloriae

104 2683 135 2736 el
154 2674 313 2757 brachium
329 2674 456 2746 bomini,
479 2678 509 2750 el
531 2681 631 2735 tomen
645 2673 694 2734 ille
714 2654 795 2734 idem
819 2674 879 2734 erit
900 2689 1014 2755 seruus,

104 2780 165 2842 boc
186 2786 243 2851 est,
263 2780 361 2840 dicam
375 2780 413 2867 de
432 2781 567 2852 doctore,
590 2780 814 2852 concionatore,
835 2779 895 2857 <qui
908 2779 1015 2840 serviet
1053 2768 1055 2783 '

69 2900 75 2909 ·
105 2886 169 2947 Deo
196 2886 226 2944 in
249 2884 414 2947 ministerio
444 2886 689 2963 praedicationis
703 2885 803 2961 verbi,
837 2884 912 2945 illud
935 2900 1016 2945 ame

106 2992 241 3053 missum·
251 2973 389 3062 audietis,
412 2986 457 3055 (ir
478 2989 552 3056 miti
564 2987 797 3073 mrlnllltrblprr
818 2991 881 3055 rob
896 2986 1018 3070 illirici

106 3093 184 3178 icio,
202 3113 292 3174 quem
316 3097 384 3157 misi
409 3074 477 3157 cum
501 3096 595 3158 verbo
611 3105 646 3169 et
667 3096 849 3168 ministerio,
878 3105 914 3157 ul
936 3112 1016 3174 prae

107 3203 199 3271 dicet,
222 3192 370 3286 colligat,
404 3203 554 3279 gubernet
576 3218 614 3262 ac
636 3211 721 3279 regat
741 3204 932 3275 ecclesiam,
965 3219 1017 3264 non

108 3308 216 3380 armis,
237 3325 297 3371 non
319 3307 435 3383 gladio,
457 3324 517 3369 non
533 3305 656 3373 ‚viribus
678 3306 755 3368 ullis.

285 3478 289 3483 ’
404 3479 700 3583 ,Ειῑηϋειιῑὲειᾳ
803 3452 805 3457 ’

136 3576 339 3692 ,Absolute
381 3638 436 3684 sen
470 3624 677 3696 substantive,
714 3632 745 3684 ut
776 3603 829 3684 illi¹
851 3626 1017 3702 loquuntur.

67 3721 73 3731 ’
107 3730 236 3792 Ebraice
254 3713 378 3841 §tm
388 3787 404 3833 7
432 3728 463 3790 id
486 3736 549 3833 est,
571 3729 703 3801 Messius
726 3745 817 3793 meus
839 3730 935 3799 debet
949 3734 1018 3793 esse
