2280 4192
312 228 314 247 ,
429 206 433 223 =
512 143 645 255 usatae'j
963 159 1023 227 109

105 357 310 424 consolatur
290 357 413 470 insigni
425 355 566 431 exempto
581 343 724 416 Abrahae
743 365 849 414 omnes
864 347 1026 422 solitarios,

104 430 300 577 deretiatos,
312 471 343 524 et
362 461 511 524 steriles
504 459 533 521 ιη
555 459 689 537 speeiem
714 462 837 535 propter
858 453 993 514 verbum.

192 650 336 715 Audite
357 651 420 730 qui
443 645 659 729 sequimini
680 643 780 724 quod
799 635 970 722 Just-um
1010 682 1012 691 ·

506 751 636 836 est*)].
774 836 778 842 ι
819 750 836 845 Ι·
875 734 882 751 “
1037 739 1041 748 ’

193 885 343 964 Loquitur
364 885 402 946 ad
425 901 495 955 eos,
528 883 580 961 qui
616 880 706 957 quasi
738 879 903 954 desperant
925 855 1025 938 consi·
1052 854 1055 867 ¹
1084 888 1085 893 ’

111 994 220 1055 derata
242 993 329 1068 larva,
349 991 467 1064 mundi,
490 988 580 1067 quasi
602 987 700 1073 dicat:
739 984 838 1045 Nolite
860 978 1026 1061 desperare
1125 977 1128 981 ’

115 1099 207 1184 [vos,
242 1098 296 1175 qui
327 1113 387 1158 nou
418 1092 610 1178 contemnitis
635 1091 787 1176 ‚vernum
823 1089 877 1151 sed
909 1087 1026 1154 velletis
1054 1127 1057 1131 ·

113 1213 196 1268 reato
222 1203 324 1279 omnia
345 1200 468 1277 ubique·
481 1200 544 1278 geri
566 1206 596 1261 et
618 1173 829 1269 administrari.

143 1392 350 1489 Attendite
371 1389 600 1467 adpetitam,
622 1385 721 1483 uude
742 1384 869 1446 excisi
891 1362 1001 1450 estis
1094 1414 1096 1428 ·

198 1518 293 1597 Quasi
316 1494 416 1591 dicat3
451 1515 547 1592 Quam
576 1513 768 1595 impossibile
790 1521 854 1587 est,
889 1531 928 1576 ex
948 1531 1026 1579 saxo

120 1625 257 1690 homiues
275 1624 371 1697 nasei,
391 1630 454 1685 tam
469 1630 534 1684 erat
546 1619 737 1698 impossibiie
748 1636 788 1680 ex
802 1608 1027 1703 Abrahamn**)

89 1792 92 1805 ,
123 1718 429 1810 aliquid'bropag'eri.
469 1727 507 1789 Et
528 1735 698 1789 tamen‘ex
724 1724 774 1787 iiio
806 1734 881 1799 uno,
914 1728 1038 1793 effoeta

125 1845 150 1898 et
170 1839 334 1914 desperato
349 1834 441 1904 uiro,
476 1849 548 1903 vos,
571 1840 673 1894 tantus
696 1831 843 1909 populus,
867 1815 1028 1913 propagarit

125 1943 224 2020 estisl.
255 1940 387 2002 Pertinet
399 1947 498 2000 autem
511 1937 600 2026 ¹haee
619 1937 788 1999 consolatio
797 1935 871 2016 ***)
897 1941 1028 2004 maxime

125 2048 160 2137 ad
179 2048 348 2126 episeopus
369 2052 400 2106 et
421 2053 572 2122 pastores,
594 2043 633 2102 illi
655 2042 715 2104 trau
736 2043 897 2108 rationese
919 2047 1032 2111 debent
1095 2018 1098 2022 ⁵

128 2155 321 2232 erigerem
353 2150 477 2212 credant
511 2149 707 2211 ministerium
737 2165 825 2210 sunm
863 2168 922 2212 non
958 2171 1030 2217 esse
1056 2134 1072 2152 ²

128 2256 274 2330 inefficax,
307 2256 428 2320 etiamsi
459 2257 488 2318 in
510 2257 647 2333 speeiem
669 2254 769 2316 nutius
787 2255 904 2319 tructus
916 2234 1031 2321 'videa-
1060 2256 1063 2262 ’

126 2367 166 2424 tur
185 2364 281 2442 sequi.
323 2362 401 2424 Nam
422 2362 475 2465 qui
496 2377 564 2424 non·
590 2361 652 2422 vult
681 2360 847 2454 ministeriu
876 2380 934 2426 suo
957 2347 1029 2427 enn-

126 2472 216 2530 teutus
238 2482 325 2548 esse,
353 2467 412 2529 nisi
435 2469 519 2544 prius
542 2481 648 2530 omues
681 2469 863 2529 converterit
890 2478 921 2531 et
944 2471 1029 2534 Chri·
1131 2498 1133 2503 ·

129 2572 235 2636 stianos
256 2572 399 2646 effecerit,
422 2574 470 2634 ilie
492 2576 602 2636 nullam
624 2589 758 2650 unquam
776 2573 1030 2654 hebebitpacem.

130 2676 203 2739 Sicut
235 2679 328 2754 igitur
348 2659 502 2749 Abraham
532 2679 646 2756 ubique
678 2680 791 2741 invenit
823 2667 1046 2761 contemptum
1115 2659 1121 2664 .

111 2773 190 2861 ''lieiss
220 2774 455 2846 eitamennon
479 2783 807 2876 estiractusanimo,
845 2790 1028 2865 quominus
1062 2793 1066 2804 “

71 2890 76 2899 ·
132 2885 188 2962 ipse
210 2905 277 2967 cnm
300 2905 358 2949 sua
384 2874 503 2950 iam'iiia'
524 2891 553 2952 in
569 2892 571 2898 '
587 2889 658 2952 v'era
686 2870 833 2968 religione
855 2896 1034 2974 perduraret
1110 2896 1130 2907 “’

132 2997 157 3051 et
175 2995 248 3056 aiios
264 2987 415 3073 doceret,
445 2995 491 3056 sic
519 3002 552 3056 tu
585 2993 709 3075 qnoque
745 3000 805 3059 noti
827 2997 937 3078 imagi,
973 3004 1028 3065 sed

131 3112 212 3176 perge
232 3100 266 3160 in
285 3097 387 3161 officio
410 3100 463 3160 tibi
485 3101 629 3164 divinitus
652 3104 808 3177 mandato,
842 3113 871 3167 et
893 3108 1030 3186 relinque

130 3199 185 3267 lieo
204 3220 306 3267 curam
330 3204 368 3266 de
390 3222 540 3268 successu
563 3208 655 3269 verbi
688 3209 787 3271 Vueat
808 3219 908 3273 autem
930 3215 1029 3275 Abra·
1067 3241 1070 3245 ·

129 3303 192 3369 hum
211 3318 344 3389 petram,
378 3308 460 3390 quod
492 3314 595 3389 posuit
626 3313 734 3376 taciem
763 3333 851 3379 suam
880 3323 1048 3399 tanquam*

128 3419 234 3488 petram
256 3421 287 3477 et
307 3414 368 3479 tide
388 3417 468 3479 ittam
490 3417 736 3517 uesperetiqnem
760 3421 840 3501 vicit.

76 3576 81 3583 .
127 3565 327 3585 *uu-

192 3663 220 3731 ἦ)
239 3625 360 3715 tinniret.
379 3677 435 3730 cap.
456 3659 506 3716 51.ι
536 3659 579 3730 “i
598 3660 727 3719 Abraham
746 3613 919 3736 petranum
936 3669 1037 3728 intret

102 3756 211 3810 taxeisi.
246 3756 293 3826 ⁰¹)
313 3755 465 3812 Consolatio
484 3755 587 3834 piarum
607 3760 793 3817 ministrorum.
