2258 4170
110 158 174 229 320
429 171 574 233 Enarrctio
595 173 754 279 uberiora

110 346 177 410 Deo
197 347 408 425 permoreris,
440 319 484 423 si,
511 351 652 430 inquam,
683 353 723 422 do
743 351 808 426 hie,
835 355 874 416 de
892 355 995 424 bacea-
1037 374 1041 423 t

108 452 223 531 pientia
242 469 280 516 ac
300 455 368 517 iuce
388 458 566 519 consuleres
586 467 640 520 aut
659 461 882 536 percontantis
900 466 1041 542 sapion-

106 558 259 622 tissimum
281 558 515 639 pbiiosopbum,
537 561 610 633 nihii
631 562 774 640 baberet
794 566 878 644 quod
896 568 944 630 tibi
960 570 995 638 bie

106 665 295 743 respondere
316 673 438 744 posset,
465 674 510 741 et,
541 669 601 731 nisi
622 685 721 733 vanus
741 679 841 743 esset,
862 679 957 750 aperte
971 695 994 742 u

107 770 148 833 ‹ie
168 769 218 833 hio
238 769 313 839 nibil
331 771 412 835 scire
432 782 517 836 certo
536 775 689 837 fateretur.

189 876 384 955 seripserunt
411 879 534 956 quidem
555 879 661 944 Cicero
689 897 727 945 ac
753 882 803 943 aiii
833 883 994 960 quidmb

105 955 227 1047 animae¹
267 982 504 1059 immortalitate,
539 986 597 1048 sed
624 986 736 1049 alicubi
763 995 865 1048 tamen
892 989 994 1065 produn
1023 980 1030 993 '

106 1105 156 1162 ee,
194 1087 279 1165 quod
308 1088 389 1149 iiiam
420 1090 520 1166 ipsam
548 1091 669 1153 animae
688 1092 939 1154 immortalitatem
956 1113 994 1161 oon

106 1202 280 1259 constanter
291 1193 479 1256 crediderint
508 1195 559 1258 Sic
571 1198 652 1258 enim
664 1197 770 1259 scribit
783 1198 995 1279 aticubicicom

104 1302 138 1364 lo
159 1309 256 1364 morte
277 1301 351 1362 nihii
372 1301 442 1361 mati
463 1309 526 1374 cst,
555 1303 586 1363 in
607 1318 669 1380 qna
689 1302 717 1363 si
737 1302 873 1365 resideat
900 1320 993 1381 censue

104 1408 316 1470 immortalitas
342 1405 393 1466 iiia
426 1407 531 1483 potius
558 1423 653 1485 qaam
680 1424 764 1478 mors
796 1408 932 1472 docenda
954 1412 1015 1494 otp'

104 1515 152 1578 ein
174 1515 216 1577 cit
235 1514 384 1584 amissos,
421 1512 504 1572 nulia
526 1512 622 1575 videri
641 1514 767 1575 miseria
786 1514 913 1589 debeat,
937 1533 995 1594 que

104 1631 176 1684 tunc
204 1619 362 1682 sentiatur.
402 1619 450 1678 An
476 1633 537 1680 non
565 1616 617 1680 hic
643 1619 801 1697 ambigere
828 1629 860 1682 et
885 1622 997 1689 datium

106 1725 244 1788 videtur?
279 1723 367 1788 certe
387 1738 501 1801 corpus
521 1725 624 1802 ipsum
645 1726 722 1787 mori
742 1736 774 1787 et
794 1726 915 1790 interire
933 1746 998 1807 piu.

104 1836 371 1910 computaverunt,
392 1845 448 1892 uec
467 1830 506 1893 de
525 1829 836 1907 ejuoueeurreetione
853 1834 997 1913 quicqum

101 1940 267 2002 sciverant

187 2042 251 2120 Ego
267 2059 414 2106 veronen
435 2044 536 2104 anima
556 2049 680 2116 tantum,
701 2043 758 2105 sed
780 2060 911 2123 corpore
927 2022 1015 2111 etio:x

105 2152 177 2214 voto
199 2150 318 2223 vivere,
352 2146 409 2214 bai
430 2164 543 2226 corpus
564 2148 617 2213 mil
636 2142 675 2228 tab
696 2147 881 2227 sabbaim,
909 2167 998 2230 corpu

105 2257 176 2320 voto
190 2254 276 2317 reddi
297 2253 417 2316 animae
438 2255 518 2315 etei
540 2253 690 2330 conjungi,
711 2256 794 2332 quod
817 2273 898 2318 nunc
912 2273 997 2335 poma

105 2364 160 2435 tis,
191 2361 323 2424 miseriis
350 2366 381 2422 et
401 2359 625 2421 calamitatibus
646 2358 697 2421 bic
717 2361 747 2421 in
769 2363 858 2423 terris
879 2371 998 2426 onnuun

104 2468 291 2532 circumiere.
334 2466 366 2528 Si
399 2465 473 2544 quid
495 2464 534 2526 de
555 2464 605 2527 bis
625 2473 656 2527 et
676 2465 715 2528 de
736 2483 999 2544 corpoanmffresur·

103 2577 237 2638 rectione
247 2574 482 2648 interrogaretur
496 2569 807 2663 philosophus'oihii
823 2581 916 2648 esset
934 2576 997 2652 quot

102 2680 312 2760 responderet.
354 2674 409 2744 too
430 2675 462 2757 ib
482 2673 627 2742 bttcmaub
648 2674 771 2755 babetur.
812 2677 914 2742 tintus
933 2672 997 2742 esre

102 2787 221 2848 iuturus
250 2786 288 2846 ad
311 2785 369 2847 bac
391 2783 605 2862 quaestiones,
625 2771 712 2859 quia,
745 2793 778 2844 nt
798 2783 946 2863 propbeta
963 2785 997 2848 iic

105 2892 191 2965 dicit,
218 2900 267 2954 est
287 2890 421 2970 popuius
443 2888 660 2950 ambulantium
680 2887 711 2949 in
733 2890 877 2955 tenebris.

187 2998 300 3060 Verum
328 2996 380 3060 ubi
400 2995 482 3055 titius
503 2992 553 3054 iiie
573 2995 668 3065 venit,
696 2993 723 3055 is
745 3011 849 3057 veram
871 2994 949 3059 iliam
967 2999 1000 3060 ia·

103 3121 186 3178 cem,
218 3082 528 3180 amam-sapientiam
550 3099 678 3170 adseret,
700 3098 727 3162 is
749 3101 843 3174 dicet,
865 3100 1002 3173 Conficitur
1035 3166 1037 3173 ,

102 3227 161 3288 ego
183 3209 242 3270 vici
264 3208 419 3280 mundum,
439 3205 504 3283 Ego
526 3206 607 3278 vivo,
629 3212 658 3271 et
680 3222 737 3268 vos
760 3207 883 3271 vivetis.
919 3209 948 3270 la
966 3213 1006 3270 cet

101 3307 245 3392 justitto‚'
265 3315 293 3376 is
315 3322 364 3376 est
384 3315 488 3386 euius,
521 3311 548 3374 is
569 3319 619 3373 est
638 3311 780 3385 tenerius,
812 3322 844 3374 et
864 3312 1005 3376 beatitudo

102 3427 207 3483 nootm
235 3427 374 3494 aeterna,
412 3419 440 3480 is
468 3416 630 3494 promeruit
650 3425 682 3479 et
702 3419 930 3496 peperitnobis
950 3435 1007 3496 roa·

102 3541 174 3587 num
196 3527 362 3590 coelorum.
404 3525 461 3587 Ubi
483 3524 574 3601 igitur
594 3530 708 3599 angunt
729 3540 778 3584 mo
798 3524 1007 3602 peccota‚·ubi

101 3631 207 3693 mortis
218 3629 345 3695 horrore
360 3628 529 3704 concutior,'
546 3629 598 3690 ubi
609 3628 772 3694 interorum
794 3638 895 3694 metue
916 3630 1008 3693 animo

102 3737 297 3818 obversatur,
327 3738 431 3805 atatim
452 3735 569 3809 habeo.
601 3751 665 3814 quo
687 3737 877 3818 coniugium,
909 3736 1010 3815 habeo,
