2258 4170
193 158 236 231 52
383 166 483 251 ¹Capul
504 170 751 252 quadragesimum
773 180 903 254 quintum

192 351 332 412 tulerat.
353 349 389 412 Et
427 350 489 415 boc
523 350 701 417 scandalum
732 356 824 418 eliam
857 359 927 437 pios
957 361 1110 427 animavit.

133 493 136 498 ·
191 452 322 528 Quare
312 472 374 532 ram
396 455 639 523 adhortationem
662 462 799 525 instituit.

275 641 419 708 Rorate
439 643 546 745 coeli
566 641 738 717 desuper
759 647 795 702 et
824 606 1031 724 nubes'etc.
1066 722 1069 726 ,
1113 652 1125 695 .¹

266 769 402 839 ¹(isleber
421 772 472 835 bic
487 774 575 835 locus
589 776 638 832 est
652 769 682 829 in
704 768 837 830 ecclesia
855 770 1059 847 papistarum
1077 772 1107 837 ct

189 874 304 938 illustre
319 887 528 956 argumentum
543 874 740 954 ignorantiae,
753 874 837 952 quod
850 875 888 936 ed
901 875 1027 944 beatam
1048 880 1105 942 vir·

193 983 294 1058 ginem
317 1001 387 1046 eum
408 982 689 1049 accommodarunt
716 980 781 1043 Nos
803 983 1049 1046 autemscimus
1056 986 1104 1064 agl

188 1087 218 1148 in
240 1087 301 1150 boc
328 1092 429 1169 capito
458 1091 511 1153 de
518 1088 673 1199 promissa
699 1086 879 1150 liberatione
905 1089 1123 1168 percurens

185 1192 242 1255 liic
270 1193 363 1271 igitur
398 1195 486 1260 locus
519 1170 683 1256 mimiticus
712 1199 772 1256 est
820 1192 937 1257 Dicitur
967 1182 1125 1263 enimin

187 1316 322 1377 persona
343 1318 457 1377 eorum,
479 1302 532 1381 qui
553 1301 584 1362 in
606 1300 781 1378 captivitate
804 1306 898 1373 erant,
917 1308 962 1363 *et
974 1301 1096 1393 continet

186 1407 419 1471 inenarrabilem
448 1411 568 1488 piorum
596 1407 756 1485 gemitum,
784 1406 836 1483 qui
860 1404 1033 1470 sentiebant
1065 1425 1097 1473 sa

185 1514 278 1576 tantis
306 1515 396 1578 malis
424 1515 521 1595 premi
549 1513 589 1576 ob
611 1521 738 1592 peecata
766 1529 842 1587 sua,
873 1503 964 1592 qua'si
985 1512 1095 1578 dicant:
1123 1516 1125 1525 '

155 1661 158 1667 -
184 1617 266 1683 Ecce
286 1636 396 1685 sumus
419 1621 531 1701 privati
552 1613 728 1683 sacerdotio
750 1629 781 1682 ct
798 1625 918 1698 regno,
939 1619 1052 1697 templo
1069 1629 1098 1685 ct

185 1726 267 1789 omni
289 1729 465 1803 cultuum,
488 1726 624 1791 translati
644 1740 752 1786 sumus
774 1725 804 1786 in
827 1734 947 1804 gentes
989 1725 1034 1787 lbi
1052 1742 1114 1791 re·

185 1833 341 1911 spondent
364 1834 454 1897 nobis
484 1841 613 1913 peccota
633 1838 752 1904 nostra,
774 1848 813 1893 ea
834 1849 892 1895 uos
921 1833 968 1896 sic
988 1834 1100 1909 urgent.

186 1945 220 2000 ut
241 1939 326 2001 nulla
347 1941 456 2004 salutis
478 1955 612 2019 usquam
635 1953 710 2016 spes
737 1937 787 2002 sit.
828 1938 925 2002 Nemo
945 1939 1028 2002 enirn
1047 1956 1096 2003 us-

185 2062 278 2123 quam
302 2054 350 2108 est
368 2045 480 2123 Justus,
503 2047 556 2125 qui
580 2046 702 2124 placare
721 2051 838 2106 tautam
854 2045 938 2108 Dei
930 2062 1008 2109 iram
1028 2059 1096 2124 poa·

55 2223 59 2231 Ι
182 2152 258 2230 sit]‚
295 2159 379 2215 totus
412 2155 546 2231 populus
579 2153 621 2214 ita
643 2151 780 2230 peccatis
812 2157 868 2263 est
889 2153 1035 2227 obrutus,
1067 2161 1098 2217 ut

100 2321 104 2332 ,
151 2336 154 2341 1
183 2256 292 2320 nulla
287 2274 363 2336 spes
385 2258 425 2321 sit
445 2256 642 2321 liberationis.
739 2286 757 2296 ··
821 2260 823 2265 '
919 2282 939 2293 ··

264 2363 373 2439 Quare,
395 2382 414 2427 o
437 2365 522 2439 coeli,
543 2370 645 2427 rorate
666 2379 724 2426 vos
747 2371 777 2425 et
790 2363 1106 2451 deplorojusotton.

181 2484 264 2547 quae
291 2469 350 2532 nisi
379 2469 551 2549 desuper
543 2474 573 2531 ιἰι
599 2487 668 2533 nos
686 2468 874 2544 effundatis
898 2480 1011 2534 actum
1042 2478 1097 2537 est

180 2575 301 2636 Utinam
334 2576 425 2650 igitur
450 2573 665 2658 [contingat¹)
689 2577 779 2639 nobis
798 2575 944 2641 divinitus
958 2556 1097 2643 remissio

180 2689 395 2758 peccatorum,
426 2692 456 2745 et
478 2683 605 2761 spiritus
627 2690 761 2754 sanctire,
784 2683 916 2759 quinos
939 2683 1094 2762 perfundat
1121 2692 1124 2697 '

77 2771 91 2792 ⁸
180 2789 287 2863 gratia
331 2788 383 2851 Sic
405 2793 537 2852 laturum
560 2795 660 2860 esset,
683 2787 710 2850 si
729 2789 826 2867 primo
850 2789 973 2852 sublata
994 2798 1114 2855 essent.

178 2876 317 2976 peecata,
339 2901 369 2956 ct
390 2895 607 2957 reconciliatus
620 2895 713 2967 Deus,
735 2901 769 2955 ut
789 2895 1015 2960 reduceremur.
1042 2896 1089 2959 Ne

110 2994 114 3002 ‘
178 3014 239 3077 que
260 2999 339 3059 enirn
361 3015 438 3077 spes
458 3008 507 3062 est
528 3002 600 3071 lore.
621 3008 655 3062 ut
668 3007 779 3062 cesset
800 3017 915 3078 poena,
938 3003 1010 3065 dum
1031 3018 1088 3089 ma·
1118 3038 1125 3055 .-

174 3110 226 3164 net
247 3112 351 3166 reatus
373 3112 403 3167 et
425 3102 577 3184 culps*).
618 3106 781 3184 Dismmpe
802 3106 894 3183 igitur
915 3109 1087 3195 coelumet
1114 3086 1125 3119 '⁵

174 3207 342 3284 descende,
365 3227 498 3289 aspergo
519 3198 577 3274 uos¹
595 3211 712 3288 justitia
734 3220 801 3283 tua,
823 3220 854 3273 et
874 3212 960 3275 brevi
981 3210 1088 3299 fletui
1121 3196 1124 3201 ¹

134 3375 138 3383 .
172 3315 371 3377 restituamur
391 3325 450 3381 etc.
492 3316 548 3379 Est
568 3316 697 3401 insignis
718 3318 819 3390 locus,
847 3317 901 3395 qui
923 3318 1017 3381 docet
1035 3334 1086 3383 nos

172 3468 382 3489 m

230 3559 264 3631 ‘)
283 3560 406 3615 flauente
421 3560 504 3645 ¹culpa
520 3525 574 3614 noir
586 3538 681 3616 'cessat
697 3575 791 3632 poena.

227 3653 258 3725 1)
278 3654 328 3713 Ed.
347 3655 417 3712 1532
437 3657 477 3712 sic
495 3657 600 3726 pergite
638 3656 741 3710 Utinam
765 3654 848 3723 igitur
865 3654 941 3711 coeli
957 3664 1092 3715 rmattlet

102 3738 107 3769 ¹
146 3748 296 3821 'depluent
307 3751 469 3823 justitiam„
488 3751 597 3808 Utinam
615 3753 750 3822 continuat
763 3750 842 3821 nobis
858 3738 989 3809 diuinitus
1006 3760 1058 3811 etc.
