2258 4170
99 168 164 235 sta
288 192 329 228 ,ι
398 128 561 277 {naemu
583 144 697 235 innuo
817 252 820 257 ¹

180 352 263 432 Lege
297 360 414 415 tantum
444 353 592 418 historias
628 354 784 435 eeclesiae
815 362 847 417 et
886 354 994 435 videbis

100 476 193 536 quam
215 461 301 522 varie
320 459 382 523 hou
404 477 485 538 opus
507 477 526 522 a
554 461 689 523 diaboio·
711 458 812 538 saepe
844 460 998 539 impeditum

99 566 150 629 sit
192 556 234 627 m„
249 574 350 627 tamen
371 570 578 644 prosperatnr'
597 582 738 643 semper,
766 564 831 643 iam
859 569 1001 646 quinquies

100 672 179 733 mitte
200 680 230 734 et
249 668 313 735 500
332 674 420 735 annis
434 672 591 750 opnsDei.
610 673 702 749 'Quia
715 672 869 750 seriptum
889 660 943 747 eet,
962 695 1003 755 pu

99 794 220 841 manum
242 776 310 855 ejus
334 779 477 841 voluntas
499 777 619 840 Domini
641 777 801 856 dirigetur.
846 776 1004 861 Etsi'longe

100 884 239 947 videatur
265 883 464 957 eontrarium,
498 882 571 944 vide
601 901 651 947 res
681 891 810 961 gestas,
848 890 912 945 tnm
937 887 1006 955 dieat

99 986 489 1071 compropinquum
519 1004 572 1052 ero
605 1007 737 1069 operum
760 999 898 1063 tuorum,
918 1000 947 1055 et
971 976 1008 1059 tie
1048 978 1050 987 ¹

99 1095 295 1159 consolabor.
320 1094 415 1170 ,Quin
435 1084 697 1172 quadrigae'tnae
718 1096 858 1174 quidem
877 1096 907 1158 in
928 1098 1010 1165 medio
1048 1128 1050 1137 ·

98 1180 258 1278 aquarum,
280 1199 423 1263 diabotus
450 1199 597 1262 adhaeret
618 1208 704 1264 rotae
727 1210 760 1265 et
779 1201 922 1280 impedit
946 1203 1009 1269 ttitt
1034 1220 1037 1225 ·

39 1318 41 1322 ·
98 1286 280 1383 expetamus
300 1306 419 1379 melius,
439 1321 534 1385 quam
557 1307 640 1385 quod
663 1307 776 1369 aedidit
803 1307 950 1375 omnibus
963 1294 1008 1387 piis

100 1410 139 1471 ab
162 1410 246 1472 initio
267 1412 381 1485 muudi.
428 1404 612 1478 sieaeeidit
632 1413 730 1486 Adae,
752 1413 839 1484 dod,
862 1415 1015 1493 Abraham„

99 1515 213 1593 quibus
235 1517 379 1597 apparuit
398 1519 450 1589 ite.
469 1518 561 1597 quasi
581 1533 642 1581 uon
664 1518 767 1581 solum
790 1519 949 1599 impedita,
965 1524 1007 1585 eet

97 1622 188 1685 etiam
226 1622 334 1687 deleta.
376 1624 417 1685 At
444 1604 620 1703 perrumpit,
637 1640 698 1686 nnn
727 1641 787 1705 per
817 1642 942 1689 manum
959 1644 1007 1692 tto

97 1734 209 1801 stram,
224 1729 282 1791 sed
303 1746 359 1807 per
379 1729 478 1809 ipsius
500 1728 622 1793 Domini
645 1728 769 1793 Jehovn
800 1747 928 1795 manum
952 1736 1009 1813 pin

98 1841 248 1912 speratur.
303 1906 306 1911 ,

95 2021 264 2101 Propter
292 2021 465 2083 taboram
493 2020 648 2084 animae
675 2037 773 2085 suae
803 2024 957 2087 videbit
980 2036 1032 2089 et.

287 2186 291 2193 ,
394 2125 638 2205 iniquitates
658 2135 718 2190 ete.

177 2255 287 2318 lterum
309 2244 650 2335 hiemutitta,1iequitia
671 2264 702 2319 et
726 2255 886 2321 horribilis
908 2258 1007 2323 invidie

94 2360 281 2426 Judaeomm
303 2360 447 2433 demitur,
478 2361 531 2441 qui
561 2362 763 2425 contuderunt
786 2363 1004 2429 distinctionem

56 2541 61 2548 1
95 2473 132 2529 et
145 2472 264 2531 textum
288 2474 491 2545 corrumpunt.
533 2465 614 2529 LXX
633 2468 820 2545 interpretes
842 2468 929 2547 digni
949 2471 1006 2535 odo
1035 2554 1039 2561 Ι

96 2579 174 2634 sunt.
218 2569 284 2632 Nou
313 2571 401 2633 enim·
421 2588 550 2649 possum
579 2573 703 2636 eredere
734 2589 795 2635 neo
826 2590 937 2641 verum
963 2584 1008 2651 est

96 2678 178 2756 quod
192 2670 397 2741 transtulerint
412 2668 442 2740 e‘t
455 2679 597 2741 verterint
607 2678 704 2741 Bibtia
717 2679 894 2758 eir-spiritu.
904 2691 1008 2755 sanun,

96 2799 166 2845 nam
189 2790 317 2860 apparet
338 2772 500 2855 manifesta
522 2784 651 2857 vanitas,
674 2784 813 2864 nequitia
834 2794 868 2849 et
881 2788 1007 2854 studium
1048 2834 1050 2871 ,

95 2888 293 2966 depravandi.
337 2887 465 2966 Oportet
492 2906 551 2953 uos
579 2906 653 2967 ergo
676 2891 870 2981 distinguere
893 2900 1010 2961 textum
1047 2878 1050 2957 i

95 2994 129 3055 Si
151 2994 251 3055 anima
273 3010 332 3057 sua
353 3011 389 3056 se
410 2997 547 3073 posuerit
569 2997 616 3060 uel
640 3013 659 3057 a
681 2997 797 3068 labore,
821 2999 876 3060 vei
897 2999 1011 3063 miseria

95 3100 215 3161 animae
236 3080 313 3161 suae
336 3100 486 3162 videbitur
507 3108 538 3162 et
559 3101 753 3164 saturabitur.
783 3101 1009 3191 Oportetlenim

94 3213 210 3267 textum
232 3205 466 3283 praecedentem
495 3222 563 3269 enm
593 3208 734 3282 sequenti
772 3210 966 3274 concordare
984 3220 1011 3277 et

94 3318 124 3373 et
146 3311 294 3375 conuecti.
336 3310 421 3383 LXX,
446 3311 479 3373 Si
499 3306 645 3389 dederids‘
665 3329 721 3391 pro
743 3312 859 3383 delicto
882 3324 939 3380 ete.
980 3316 1011 3379 Et

88 3402 242 3478 'nominos
265 3418 327 3477 vuit
340 3418 458 3477 auterre
480 3417 518 3478 de
539 3405 787 3480 dolore'animam
811 3418 894 3497 eins,
915 3430 1010 3486 osteu-

94 3520 167 3583 dere
189 3523 302 3591 iucem,
322 3519 490 3596 iustificare
507 3520 632 3597 Justum
655 3524 729 3602 quid
751 3538 833 3588 vero·
854 3522 918 3590 hoo
938 3528 1008 3590 eriti

92 3625 147 3687 Est
173 3626 378 3703 impossibiie,
409 3628 501 3691 etiam
534 3644 641 3691 reeens
672 3629 805 3709 aliquem
839 3632 1005 3711 institutum

92 3732 120 3791 iu
143 3731 265 3793 ebruiea
287 3731 390 3810 linqua
412 3748 472 3795 non
495 3733 599 3796 videre
620 3734 824 3812 depravatum
839 3752 922 3809 essa
938 3749 1008 3809 tera
