2258 4170
346 143 768 249 stabilimus·¹
904 125 1006 214 'aas
1092 192 1114 235 ,-

85 321 119 388 2.
151 325 286 390 Corinth.
316 324 352 399 3,
384 322 536 391 Excaecal
558 329 642 390 Deus
671 330 768 392 seculi
796 326 888 413 liuius
915 331 1009 409 corda

86 440 167 514 eta,
199 440 233 495 ut
259 441 289 495 ot
308 432 391 498 Daui.
417 431 448 496 6.
472 433 687 497 Εκοιιοιιιιὸι
707 434 811 512 populi
833 433 940 512 nujus,
965 442 1008 497 ut

86 540 233 603 videntes
252 556 317 605 non·
336 539 468 602 videant.
500 524 503 532 ’
969 560 975 570 ·

176 646 257 707 idem
292 643 385 707 honie
416 619 549 723 Papistis
585 660 644 706 usu
676 643 772 717 venit,
804 644 924 706 etiamsi
948 636 1028 706 'lux‘

88 752 243 830 evangelii
258 757 288 811 ol
310 750 422 810 veritas
446 750 529 810 verbi
551 750 607 811 Dei
629 757 691 810 lam
712 751 793 812 clare
809 748 872 825 Jam
893 765 1006 830 propo·

90 866 190 930 natur,
212 865 245 918 ut
261 870 368 918 omnes
388 853 530 917 mulieres
552 861 583 916 et
603 856 691 933 pueri
712 842 885 931 intelligant,
906 863 1007 917 lamen

90 956 132 1025 illi
145 964 186 1025 ‘in
208 962 355 1033 tenebris,
383 960 665 1039 excaecationibus,
692 969 722 1023 al
744 961 898 1023 scandalis
921 978 1006 1039 pror-

91 1085 146 1131 sus
180 1066 320 1131 suffocati
352 1074 431 1130 sunt.
474 1067 540 1137 Hoc
569 1067 720 1145 scriptura
748 1047 839 1129 vocat
864 1068 1007 1139 indurari,
1069 1089 1073 1098 ¹

91 1175 265 1247 excaecari,
297 1180 330 1234 ut
351 1189 411 1234 non
435 1172 557 1234 videant
577 1168 824 1250 fulgorem'lucis
845 1168 1006 1251 evangelii.
1049 1162 1052 1167 ⁴
1087 1198 1092 1216 ¹

173 1279 339 1342 Ministerio
363 1276 486 1355 quidem
508 1278 585 1340 satis
605 1280 757 1360 revelatur
777 1286 808 1341 et
828 1279 1006 1352 declaratur,

91 1386 147 1450 aad
175 1402 232 1465 per
259 1372 497 1453 incredulitatem
524 1399 584 1446 non
614 1391 736 1449 curatur
756 1384 816 1470 lroc
837 1386 1011 1469 brachium.»
1111 1412 1114 1419 2

88 1494 141 1553 llle
164 1485 276 1567 seruus
298 1490 366 1562 Dei,
397 1505 488 1568 quem
509 1487 560 1551 hic
581 1487 690 1552 Esaias
712 1492 859 1568 appellat,
889 1491 1006 1555 Servus

87 1614 179 1660 meus
209 1598 278 1668 erit,
311 1601 360 1656 asl
388 1593 546 1656 brachium
568 1595 695 1656 Domini.
738 1595 822 1658 Haec
850 1597 911 1661 duo
933 1614 1006 1659 con-

84 1703 199 1780 iunge,
236 1700 397 1763 Brachium
428 1700 544 1762 Domini
564 1709 622 1762 ‘est
648 1717 760 1764 servus
780 1701 914 1778 Domini,
945 1704 1006 1765 isla
1075 1762 1084 1775 ,

85 1804 171 1870 enini
201 1824 267 1870 non
301 1807 409 1867 intrant
436 1806 465 1866 in
492 1806 586 1868 corda
612 1805 811 1882 ludaeorum,
848 1810 900 1885 qui
927 1810 1004 1871 satis

85 1915 354 1993 superbeconlra
375 1927 442 1982 nos
455 1910 634 1987 gloriantur,
667 1912 731 1975 Vos
753 1912 930 1988 Christiani,
960 1915 1007 1977 iu·

85 2021 213 2099 quiunt,
235 2017 335 2079 dicitis
357 2025 492 2083 vestrum
514 2015 659 2079 blaseium
680 2033 752 2080 csse
775 2036 879 2082 vemm
901 2021 1006 2093 Deum,

86 2126 204 2189 Esaias
232 2133 333 2187 autem
361 2130 452 2210 uocat
478 2140 547 2184 eum
575 2139 715 2195 servum,
749 2127 849 2203 qualis
878 2134 927 2189 esl
947 2127 1006 2189 iste
1071 2148 1086 2193 .·

87 2232 247 2295 Messias?
278 2230 371 2291 immo
386 2230 573 2291 asseveratis
595 2246 699 2292 verum
712 2229 817 2304 Deum,
838 2240 1005 2294 cuculorum

86 2337 168 2399 coeli
195 2343 226 2398 et
246 2343 344 2398 tarrae
365 2352 437 2398 esse
458 2325 582 2397 servum
601 2335 657 2397 Dei
677 2336 870 2399 maledictam
892 2354 911 2398 a
931 2325 1005 2414 Deo}

86 2444 192 2522 plagis
221 2441 378 2514 affectum,
409 2457 591 2519 percussum
618 2442 801 2515 aDomiuo,
814 2443 1004 2522 ‚crucifixum
1115 2518 1118 2524 ¹

87 2557 147 2612 elo.
192 2547 224 2634 Si
246 2548 329 2612 Deus
359 2553 421 2619 est,
450 2553 634 2625 nonpolesl
654 2563 875 2622 ssseysarvns,
909 2550 936 2617 al
956 2557 1006 2612 est
1115 2597 1118 2613 .

88 2669 222 2726 servus,
255 2654 337 2716 Deus
359 2669 432 2715 esse
454 2669 513 2715 non
531 2659 647 2730 polest,
668 2654 845 2731 praesertim
868 2662 929 2717 lam
949 2656 1005 2717 de·
1099 2646 1101 2651 ’

88 2767 219 2839 specius
240 2770 271 2820 et
291 2759 360 2821 vilis
382 2758 543 2838 usquead
565 2760 626 2821 ima
646 2765 768 2825 tartara.
816 2760 870 2822 Hic
890 2761 1006 2824 creavit

89 2868 220 2945 angelos
247 2871 278 2928 at
300 2864 410 2936 omnia,
431 2862 507 2927 lium
529 2864 556 2927 is
577 2865 688 2943 potent
707 2867 793 2940 mori,
818 2865 1005 2930 descendero

90 2973 130 3034 ad
154 2971 283 3045 inleros,
305 2979 338 3034 ul
361 2987 418 3034 vos
440 2970 558 3034 ducatis
578 2977 609 3031 at
629 2967 820 3050 creditis*)l
895 2992 898 3000 ’

123 3156 132 3175 ,
174 3076 271 3153 Duram
298 3076 478 3151 inflexibiles
510 3085 540 3140 al
560 3076 780 3153 incorrigibiles
801 3086 873 3141 sunt
892 3079 922 3140 iu
943 3078 1004 3142 hoc
1079 3076 1083 3083 ”

89 3185 158 3246 loco
173 3183 289 3255 ludaei,
310 3190 417 3262 putant
430 3200 466 3245 se
480 3183 680 3257 certissimam
701 3181 817 3263 babere
839 3186 1002 3258 veritatem,

89 3292 146 3352 sed
162 3290 337 3353 mandatum
359 3289 519 3362 babemus,
541 3288 722 3351 Scrutamini
744 3267 920 3368 scripturas,
941 3309 1004 3370 qua

90 3397 179 3482 ipsae
200 3401 349 3458 testantur
369 3395 416 3485 do¹
429 3413 486 3458 ma.
507 3396 613 3479 loann.
634 3392 667 3458 5.

173 3496 341 3578 Utrumque
370 3490 474 3564 verum
496 3504 559 3575 est',
593 3515 684 3565 verus
715 3499 813 3574 Deus
843 3501 1002 3600 brachium

162 3640 300 3711 ')D‹litio
319 3638 454 3695 Witcamb
482 3639 525 3695 laic
553 3641 687 3696 interserit
708 3640 921 3712 inscriptionem,
945 3642 1003 3733 Da

88 3736 224 3793 duabus
242 3737 374 3796 naturis
391 3732 426 3788 ἰι
445 3732 617 3792 Christo
983 3756 986 3761 >

116 3837 280 3896 merrom
294 3851 354 3896 aq.
372 3837 421 3884 von
437 3838 513 3882 xxru.
589 3826 593 3834 '
656 3820 659 3826 '
754 3837 798 3908 30
