2258 4170
338 378 428 443 Filii
446 377 778 460 augurdtrlcla').·

176 508 353 572 Adversarii
363 500 457 573 ucetri
471 496 533 573 lc'ra
554 517 645 575 dnum
667 506 728 571 hoc
749 482 860 571 edium
880 504 1002 578 habeut,

99 615 182 691 quud
214 622 318 677 contra
349 634 406 695 uec
433 616 560 695 jactent,
583 614 676 694 -quud
710 614 814 675 ‹dcuut
844 627 902 675 noe
929 624 1001 673 case

102 718 283 790 mucclam,
308 710 449 785 eddidit
475 721 555 783 uliud
576 721 669 793 scire,
700 734 792 797 quarn
813 725 847 781 ut
868 715 1006 780 convicia

105 825 238 887 dicamus
271 825 301 885 lu
334 822 503 901 pontificem
524 834 555 886 ct
575 825 737 902 principes.
779 823 877 898 Quare
898 821 1006 884 discite

109 930 287 1007 distinguere
305 930 383 990 iuter
402 930 549 991 convicia.
586 926 826 1008 Ouuvielum”)
849 927 927 991 cuim
949 942 1009 990 ucu

111 1036 209 1107 dicitur
230 1034 288 1095 nisi
308 1033 362 1095 liat
383 1051 400 1095 a
419 1051 561 1112 persona,
583 1052 601 1096 a
623 1051 685 1113 qua
705 1052 765 1097 auu
787 1035 917 1097 debebat
939 1031 1007 1104 dici,

113 1140 165 1202 icc
183 1148 237 1212 cst,
259 1156 277 1199 a
300 1120 431 1216 pareuua
453 1140 579 1217 ¹privata,
600 1157 680 1216 quae
701 1158 759 1202 nou
781 1147 831 1203 eet
851 1139 880 1199 iu
906 1135 1008 1199 udicio

115 1248 211 1323 aliquo,
223 1245 302 1309 sicut
313 1261 371 1306 uun
384 1253 432 1307 est
444 1244 647 1316 homicidium,
665 1246 750 1323 quud
766 1246 838 1306 lacit
848 1245 1008 1327 magistra-

116 1362 171 1422 tus,
200 1350 254 1411 sed
275 1350 359 1427 quud
381 1352 519 1428 privatus
539 1351 651 1427 aliquia
670 1351 748 1412 lacit
790 1350 842 1411 Sic
863 1347 1012 1427 propheta

117 1456 158 1517 dic
179 1455 367 1517 atrocissima
389 1456 578 1517 conviciaiu
599 1452 789 1532 synagogam
811 1463 842 1517 et
863 1455 1006 1535 pupulum

117 1562 161 1622 dai
176 1558 259 1637 jacit.
294 1560 377 1637 quud
397 1561 551 1623 adulterae
571 1561 650 1623 illics
673 1569 775 1633 vocat,
811 1569 842 1623 et
863 1559 960 1639 putuit
980 1557 1009 1619 ci

117 1681 224 1744 quaqua
256 1663 363 1740 objici,
397 1666 477 1728 elcut
504 1672 534 1726 cl
554 1665 660 1728 uubis:
715 1667 760 1727 Tu
782 1667 922 1745 quises,
955 1663 1007 1741 qui

119 1769 258 1831 maledicis
280 1764 467 1849 principibus
489 1771 592 1848 populi
612 1779 642 1831 et
663 1772 791 1833 summis
812 1769 1009 1833 ductoribus!

121 1874 194 1936 dertc
225 1890 284 1937 uon
303 1880 426 1938 'omnes
458 1875 633 1948 summati,
667 1876 723 1939 etsi
752 1876 844 1954 aliqui
873 1876 933 1937 sint
954 1881 1012 1938 etc.

120 1980 172 2042 Sed
203 1976 362 2058 [excusant
394 1978 573 2059 prophetam
607 1983 702 2058 primu
724 1980 855 2044 cilicium
875 1986 907 2042 el
929 1979 1015 2041 mini-

122 2084 229 2147 ate'riuru
243 2065 355 2156 uerbi,
377 2087 459 2162 quud
481 2085 573 2148 debet
593 2103 736 2163 arguere,
768 2084 1012 2173 secunde-etium

115 2188 237 2251 'dudium
263 2189 432 2265 corrigendi
454 2196 484 2253 et
504 2192 693 2279 emendandi,
715 2190 912 2270 nequeenim
934 2189 1013 2262 lucit,

124 2302 152 2355 ut
167 2294 279 2355 iulamet
299 2284 444 2368 ludecen,
465 2304 518 2357 aut
538 2296 701 2359 ulciscatur
720 2311 808 2358 suam
830 2292 1007 2374 aliquam¹)
1064 2352 1068 2365 ,

126 2398 260 2475 iujuriam,
281 2399 338 2461 aad
360 2400 541 2462 ut'rcdeaut
559 2400 589 2462 in
612 2402 692 2463 vium
705 2400 816 2477 'agnito
840 2398 974 2479 peccatu.

192 2506 319 2567 Accusat
353 2510 453 2565 autem
484 2503 534 2566 iric
555 2505 625 2566 ildei
652 2513 765 2567 tautum
796 2492 930 2583 peccata,
951 2521 1011 2567 nun

128 2616 230 2669 autema
266 2608 407 2680 crimina,
453 2617 483 2670 et
514 2612 576 2686 ugit
611 2618 716 2673 contre
736 2611 949 2673 sanctissimus
986 2612 1014 2671 in

128 2712 239 2788 speciem
261 2720 290 2773 ct
319 2698 583 2790 religiosissimos,
613 2732 673 2777 nou
695 2723 799 2803 contra
819 2715 1020 2788 laciucrusoa,

129 2818 273 2905 qucumtie
286 2826 316 2879 et
330 2819 459 2881 muudus
473 2818 562 2880 ctiam
577 2821 709 2884 damnat.
734 2822 806 2883 idco
828 2820 906 2881 cuim
929 2829 1020 2882 vocat
1108 2858 1111 2871 ι

128 2919 289 2984 divinatricis
305 2931 335 2983 et
351 2921 505 3007 adulterae
530 2923 607 2999 (huc
629 2934 683 2997 est,
706 2925 903 3005 synagogae)
927 2912 1014 2997 lilius,

130 3027 195 3103 quod
208 3026 398 3090 confidebant
413 3046 448 3091 se
462 3030 528 3091 suis
547 3031 691 3119 operibus¹
710 3020 812 3108 justus
836 3047 916 3105 esee,
937 3048 1019 3110 quae

130 3132 177 3207 iuri
204 3133 358 3209 eligebant
400 3133 568 3211 Augurium
605 3143 653 3197 est
680 3137 805 3207 laisum.
838 3135 1016 3199 adulterium

129 3243 168 3297 cat
187 3234 341 3320 impium].-
370 3237 522 3315 Quidquid
551 3239 641 3316 igitur
670 3251 718 3305 eat
750 3242 955 3304 doctrinarum
988 3248 1019 3302 ct

125 3339 281 3416 dilucium
300 3351 396 3417 -cxtru
427 3343 593 3405 doctrinam
623 3345 708 3417 fidei,
743 3362 822 3423 quae
855 3346 1015 3422 gratuitam

131 3444 343 3509 mirericordiam
377 3449 581 3521 commendat,
613 3459 660 3512 eet
682 3451 842 3528 augurium
863 3459 894 3513 et
914 3451 1016 3513 iucun-

184 3660 211 3725 ⁸)
227 3660 362 3715 damac
379 3676 436 3731 cap.
456 3660 498 3715 dl.
535 3660 579 3725 ”l
598 3658 751 3717 ffirrviciw
770 3660 835 3735 'quid
853 3666 895 3720 cia
982 3742 985 3747 Ι

183 3754 206 3819 1)
225 3754 253 3808 lu
272 3756 314 3812 cd.
333 3748 644 3826 imdccctzcliqum.
779 3766 784 3773 '
856 3760 862 3773 '
