2258 4170
112 155 175 223 376
265 252 268 257 ,
427 165 570 245 oman
593 130 706 230 nerto

9 415 14 427 ι
49 386 57 400 ,
109 355 182 405 esre
210 348 267 404 etc
306 341 415 419 ludaei
444 343 593 413 scelerate
612 341 692 409 haec
713 344 808 418 verba
829 359 1018 431 corrumpunt

93 461 147 535 ¹ac
177 446 239 518 sic
256 431 502 523 interpretantur:
537 465 627 509 omno
652 449 806 526 proelium
831 441 897 512 'seu
930 456 1017 519 omnia

107 566 212 628 pugna
237 551 271 613 fit
298 552 421 628 quidem
442 553 472 615 Ιιιι
493 555 639 626 tumultu,
671 563 839 635 verbaque
860 557 893 617 in
914 561 1016 642 pugnis

75 653 77 657 ”
107 658 256 733 sanguine
283 658 448 723 miscentur
469 665 521 721 aot
542 659 711 735 tinguntur,
743 660 802 723 red
822 661 888 726 hoc,
906 662 1016 738 bellum,

107 763 191 842 qnod
211 750 345 829 Messian
372 772 476 826 noster
505 771 649 840 gesturus
672 772 736 839 est,
755 766 906 836 ,inanum
925 770 1015 831 est-io

64 889 71 937 ι
106 869 178 944 igne
205 870 396 947 tempestatis
422 869 462 931 de
483 870 569 932 coelo
591 869 820 943 descendentia,
857 873 950 948 quate
970 874 1016 937 luit

107 975 415 1053 temporeSanhenib.
443 974 601 1036 ttorrioitis
624 976 866 1045 cstludaeorum
890 978 1016 1041 caecitas

107 1086 138 1141 et
157 1079 293 1152 andacia,
317 1080 369 1156 qui
386 1096 441 1158 pro
462 1079 585 1142 libidine
607 1081 708 1144 omnia
730 1082 770 1143 ad
792 1098 919 1145 suorum
941 1099 1017 1145 cere·

106 1168 232 1248 brorum'
252 1166 370 1248 somnia
392 1182 581 1261 detorquent

187 1290 252 1352 Non
278 1290 391 1352 vultid
413 1289 562 1352 hocloco
584 1289 742 1373 propheta.
765 1292 848 1370 quod
871 1290 1017 1361 somniant

106 1395 170 1467 isti,
202 1395 258 1457 sed
281 1391 433 1472 significat
454 1395 483 1456 id
506 1411 631 1472 regnum
651 1389 775 1458 insanitis
797 1398 931 1477 loturum
953 1413 1018 1459 esse

105 1517 241 1579 rognum
245 1501 333 1577 pacis
352 1508 383 1563 et
403 1500 584 1574 securitatis,
606 1517 666 1562 non
688 1499 768 1575 belli,
788 1519 850 1564 non
874 1510 1018 1581 pugnato-

104 1620 171 1708 rom
203 1622 275 1675 esse
304 1622 406 1682 rogem
442 1603 524 1666 hunc
553 1586 776 1682 mundanorum¹
794 1622 902 1684 regum
932 1625 1018 1680 more,

105 1695 164 1773 ooo
179 1711 375 1791 profusurum
395 1710 600 1788 sanguinem
596 1696 748 1786 Ιιοειίιιιιιρ
769 1727 827 1773 non
853 1720 1018 1791 prostrato-

86 1816 171 1893 ἰιιιιι
192 1817 303 1878 obvios
322 1806 482 1897 quosque,
508 1832 569 1878 non
589 1817 738 1877 factorum
760 1816 875 1879 caedes
897 1816 1020 1879 horren·

104 1916 176 1994 das,
202 1912 314 1999 ‘quales
342 1920 371 1981 in
400 1919 604 2007 conflictibus.¹
618 1920 694 1981 liunt
722 1904 794 1983 etc(
822 1922 900 1981 Hinc
929 1924 1019 1998 paulo

103 2034 176 2103 post
188 2034 277 2088 vocat
288 2018 356 2087 eum
367 2023 518 2104 propheta
530 2025 697 2103 prinoipem
709 2026 805 2101 pacis,
827 2032 858 2085 et
880 2041 949 2102 cap.
975 2023 1018 2086 11.

105 2130 250 2192 describit
278 2128 345 2206 ejus
374 2146 501 2207 regnum
536 2108 586 2191 hia
613 2128 732 2205 vebia,
764 2128 830 2190 Non
858 2131 1019 2205 nocebunt,

102 2251 204 2313 aeque
230 2235 369 2321 occident
397 2229 434 2297 io'
449 2236 594 2320 universo
617 2242 718 2297 monte
741 2242 849 2297 sancto
871 2252 962 2314 meo;
992 2246 1019 2299 et

102 2355 171 2418 cap.
199 2335 233 2400 2:
276 2339 342 2402 Non
374 2340 586 2416 levabit-gens
608 2346 714 2399 contra
736 2346 855 2415 gentem
878 2341 1018 2419 gladium,

101 2462 158 2506 nec
177 2446 399 2509 exercebuntur
419 2449 497 2508 ultra
520 2445 558 2507 ad
580 2445 702 2506 bellum.
732 2445 763 2505 In
787 2446 922 2521 ecclesia
943 2447 1019 2509 enim

27 2617 33 2641 ι
100 2569 162 2614 ιιοιι
190 2552 245 2613 erit
273 2553 432 2630 corporale
458 2552 585 2622 bellum,
621 2550 693 2628 quia
719 2550 835 2626 repleta
863 2558 913 2613 est
943 2559 1019 2614 terna

102 2657 273 2733 cognitione
305 2656 428 2718 domini.
472 2655 523 2718 Sic
552 2655 708 2717 inundabit
729 2655 860 2732 cognitio
882 2655 957 2728 Dei,
989 2663 1018 2715 ot

101 2778 200 2841 aquae
210 2763 240 2823 io
252 2762 374 2834 diluvio,
391 2769 425 2823 ut
436 2761 632 2839 noositopus
645 2757 724 2822 bello
738 2759 919 2837 autgladiis.
943 2760 1018 2822 Gon·

101 2867 253 2930 iiabnotur
265 2875 327 2929 tnm
342 2866 432 2944 gladii
445 2867 475 2927 in
494 2882 649 2947 vomeres..
666 2873 696 2928 et
717 2866 842 2926 lanceae
862 2866 892 2925 io
915 2866 1018 2928 taines.

136 2987 139 2994 ’
183 2970 316 3034 Eandem
339 2971 547 3053 prophetiam,
577 2987 672 3057 quam·
692 2987 759 3058 cap.
780 2967 809 3039 2.
832 2969 943 3044 habet,
971 2971 1019 3034 hio

102 3095 227 3159 quoque
240 3079 381 3156 proponit
394 3077 432 3138 de
453 3094 547 3154 regno
561 3056 680 3150 Christi,
702 3093 739 3138 ac
760 3076 914 3152 significat
924 3077 1020 3143 Deum

103 3185 351 3247 missurnmesse
367 3184 466 3261 ignem
488 3184 517 3243 in
539 3191 635 3243 terras
657 3181 747 3253 istius
768 3181 851 3259 regis
873 3190 1020 3261 tempore

103 3289 156 3367 qui
176 3282 254 3365 ignis
277 3291 479 3352 devoraturus
502 3287 541 3349 sit
562 3285 715 3377 horribile
757 3285 850 3347 istam
871 3287 1020 3351 bellorum

104 3403 333 3474 tempestatem
375 3394 456 3455 sient
484 3386 515 3454 et
540 3383 681 3465 Psatmns
707 3304 760 3455 66.
784 3393 840 3452 ait:
878 3396 1020 3485 anlerens

103 3499 184 3560 bella
210 3515 325 3578 nsque
348 3500 386 3561 ad
413 3497 503 3559 finem
530 3488 637 3585 terrae
685 3499 797 3587 ᾼιιιιιιιι
827 3504 965 3560 conteret
993 3508 1022 3561 et

105 3605 269 3681 coniringct
281 3620 366 3677 anna
386 3612 416 3666 et
437 3611 527 3668 scuta
548 3576 733 3666 comburet
725 3602 795 3683 igni
828 3602 1022 3704 vaticinatur
1054 3644 1055 3649 κ

103 3711 205 3801 itaque
226 3708 277 3824 hio
297 3710 434 3810 loturam
450 3727 537 3783 esse,
557 3715 597 3811 pt
619 3708 744 3792 spiritns
766 3692 913 3785 sanctus,
940 3692 1022 3788 ignis
