<?xml version="1.0" encoding="UTF-8"?>
<!DOCTYPE html PUBLIC "-//W3C//DTD XHTML 1.0 Transitional//EN"
    "http://www.w3.org/TR/xhtml1/DTD/xhtml1-transitional.dtd">
<html xmlns="http://www.w3.org/1999/xhtml" xml:lang="en" lang="en">
 <head>
  <title>
</title>
<meta http-equiv="Content-Type" content="text/html;charset=utf-8" />
  <meta name='ocr-system' content='tesseract 3.04.00' />
  <meta name='ocr-capabilities' content='ocr_page ocr_carea ocr_par ocr_line ocrx_word'/>
</head>
<body>
  <div class='ocr_page' id='page_1' title='image "./exegeticaoperal01luthgoog_0416.png"; bbox 0 0 2258 4170; ppageno 0'>
   <div class='ocr_carea' id='block_1_1' title="bbox 361 145 1006 293">
    <p class='ocr_par' dir='ltr' id='par_1_1' title="bbox 361 145 1006 293">
     <span class='ocr_line' id='line_1_1' title="bbox 361 145 1006 293; baseline 0.008 -44"><span class='ocrx_word' id='word_1_1' title='bbox 361 191 451 289; x_wconf 51' lang='lat' dir='ltr'>xCup.</span> <span class='ocrx_word' id='word_1_2' title='bbox 473 184 502 251; x_wconf 82' lang='lat'>9.</span> <span class='ocrx_word' id='word_1_3' title='bbox 513 145 669 293; x_wconf 24' lang='lat' dir='ltr'>‘Esaiae&#39;</span> <span class='ocrx_word' id='word_1_4' title='bbox 790 266 792 273; x_wconf 27' lang='grc' dir='ltr'>Ι</span> <span class='ocrx_word' id='word_1_5' title='bbox 912 182 1006 255; x_wconf 58' lang='grc'>405</span> 
     </span>
    </p>
   </div>
   <div class='ocr_carea' id='block_1_2' title="bbox 77 369 1111 3827">
    <p class='ocr_par' dir='ltr' id='par_1_2' title="bbox 92 369 972 461">
     <span class='ocr_line' id='line_1_2' title="bbox 92 369 972 461; baseline 0.002 -29"><span class='ocrx_word' id='word_1_6' title='bbox 92 371 198 443; x_wconf 83' lang='lat' dir='ltr'>dutus,</span> <span class='ocrx_word' id='word_1_7' title='bbox 221 371 251 431; x_wconf 93' lang='lat' dir='ltr'>in</span> <span class='ocrx_word' id='word_1_8' title='bbox 274 386 366 447; x_wconf 89' lang='lat' dir='ltr'>quem</span> <span class='ocrx_word' id='word_1_9' title='bbox 392 371 560 461; x_wconf 77' lang='lat' dir='ltr'>credimus.</span> <span class='ocrx_word' id='word_1_10' title='bbox 588 371 617 432; x_wconf 90' lang='lat' dir='ltr'>ls</span> <span class='ocrx_word' id='word_1_11' title='bbox 639 371 805 447; x_wconf 87' lang='lat' dir='ltr'>supposuit</span> <span class='ocrx_word' id='word_1_12' title='bbox 826 369 972 434; x_wconf 86' lang='lat' dir='ltr'>humeros</span> 
     </span>
    </p>

    <p class='ocr_par' dir='ltr' id='par_1_3' title="bbox 77 454 983 555">
     <span class='ocr_line' id='line_1_3' title="bbox 77 454 983 555; baseline 0.004 -19"><span class='ocrx_word' id='word_1_13' title='bbox 77 493 122 538; x_wconf 80' lang='lat' dir='ltr'>tos</span> <span class='ocrx_word' id='word_1_14' title='bbox 146 479 201 554; x_wconf 84' lang='lat' dir='ltr'>pr&#39;o</span> <span class='ocrx_word' id='word_1_15' title='bbox 222 475 324 555; x_wconf 87' lang='lat' dir='ltr'>nobis,</span> <span class='ocrx_word' id='word_1_16' title='bbox 348 482 380 537; x_wconf 92' lang='lat' dir='ltr'>ut</span> <span class='ocrx_word' id='word_1_17' title='bbox 394 491 542 537; x_wconf 82' lang='lat' dir='ltr'>essemus</span> <span class='ocrx_word' id='word_1_18' title='bbox 559 468 784 537; x_wconf 83' lang='lat' dir='ltr'>conenitetores</span> <span class='ocrx_word' id='word_1_19' title='bbox 807 485 836 537; x_wconf 87' lang='lat' dir='ltr'>et</span> <span class='ocrx_word' id='word_1_20' title='bbox 858 454 983 540; x_wconf 76' lang='lat' dir='ltr'>demini.</span> 
     </span>
    </p>

    <p class='ocr_par' dir='ltr' id='par_1_4' title="bbox 77 568 970 674">
     <span class='ocr_line' id='line_1_4' title="bbox 77 568 970 674; baseline 0.001 -33"><span class='ocrx_word' id='word_1_21' title='bbox 77 584 175 653; x_wconf 80' lang='lat' dir='ltr'>eboli,</span> <span class='ocrx_word' id='word_1_22' title='bbox 207 582 312 643; x_wconf 83' lang='lat' dir='ltr'>mortis</span> <span class='ocrx_word' id='word_1_23' title='bbox 336 590 393 644; x_wconf 85' lang='lat' dir='ltr'>etc.</span> <span class='ocrx_word' id='word_1_24' title='bbox 423 568 575 674; x_wconf 81' lang='lat' dir='ltr'>,Regnum</span> <span class='ocrx_word' id='word_1_25' title='bbox 605 580 665 641; x_wconf 86' lang='lat' dir='ltr'>hoe</span> <span class='ocrx_word' id='word_1_26' title='bbox 695 581 849 643; x_wconf 81' lang='lat' dir='ltr'>libertatis</span> <span class='ocrx_word' id='word_1_27' title='bbox 871 591 919 643; x_wconf 88' lang='lat' dir='ltr'>est</span> <span class='ocrx_word' id='word_1_28' title='bbox 940 591 970 643; x_wconf 88' lang='lat' dir='ltr'>et</span> 
     </span>
    </p>

    <p class='ocr_par' dir='ltr' id='par_1_5' title="bbox 80 687 1111 883">
     <span class='ocr_line' id='line_1_5' title="bbox 80 687 1111 777; baseline 0.003 -27"><span class='ocrx_word' id='word_1_29' title='bbox 80 705 116 750; x_wconf 85' lang='lat' dir='ltr'>se</span> <span class='ocrx_word' id='word_1_30' title='bbox 139 688 274 760; x_wconf 84' lang='lat' dir='ltr'>libertas,</span> <span class='ocrx_word' id='word_1_31' title='bbox 297 687 352 763; x_wconf 87' lang='lat' dir='ltr'>sed</span> <span class='ocrx_word' id='word_1_32' title='bbox 365 694 413 748; x_wconf 90' lang='lat' dir='ltr'>est</span> <span class='ocrx_word' id='word_1_33' title='bbox 429 688 584 748; x_wconf 86' lang='lat' dir='ltr'>libertusa</span> <span class='ocrx_word' id='word_1_34' title='bbox 603 693 738 777; x_wconf 67' lang='lat' dir='ltr'>peccem,</span> <span class='ocrx_word' id='word_1_35' title='bbox 761 688 837 763; x_wconf 79' lang='lat' dir='ltr'>iege,</span> <span class='ocrx_word' id='word_1_36' title='bbox 862 698 970 764; x_wconf 86' lang='lat' dir='ltr'>monte,</span> <span class='ocrx_word' id='word_1_37' title='bbox 1000 688 1004 720; x_wconf 80' lang='lat'><strong>¹</strong></span> <span class='ocrx_word' id='word_1_38' title='bbox 1108 748 1111 753; x_wconf 88' lang='lat'>.</span> 
     </span>
     <span class='ocr_line' id='line_1_6' title="bbox 89 776 970 883; baseline 0.002 -29"><span class='ocrx_word' id='word_1_39' title='bbox 89 776 219 863; x_wconf 78' lang='lat' dir='ltr'>diabolo,</span> <span class='ocrx_word' id='word_1_40' title='bbox 241 808 303 852; x_wconf 86' lang='lat' dir='ltr'>non</span> <span class='ocrx_word' id='word_1_41' title='bbox 314 800 361 853; x_wconf 89' lang='lat' dir='ltr'>est</span> <span class='ocrx_word' id='word_1_42' title='bbox 372 780 495 879; x_wconf 80' lang='lat' dir='ltr'>libertus</span> <span class='ocrx_word' id='word_1_43' title='bbox 508 792 617 863; x_wconf 77' lang='lat' dir='ltr'>earnis</span> <span class='ocrx_word' id='word_1_44' title='bbox 640 808 732 883; x_wconf 82' lang='lat' dir='ltr'>quem</span> <span class='ocrx_word' id='word_1_45' title='bbox 748 793 879 854; x_wconf 88' lang='lat' dir='ltr'>mundus</span> <span class='ocrx_word' id='word_1_46' title='bbox 891 783 970 856; x_wconf 75' lang='lat' dir='ltr'>solet</span> 
     </span>
    </p>

    <p class='ocr_par' dir='ltr' id='par_1_6' title="bbox 77 888 968 978">
     <span class='ocr_line' id='line_1_7' title="bbox 77 888 968 978; baseline -0.001 -17"><span class='ocrx_word' id='word_1_47' title='bbox 77 888 206 978; x_wconf 68' lang='lat' dir='ltr'>metere,</span> <span class='ocrx_word' id='word_1_48' title='bbox 241 904 270 961; x_wconf 91' lang='lat' dir='ltr'>et</span> <span class='ocrx_word' id='word_1_49' title='bbox 297 895 330 956; x_wconf 89' lang='lat' dir='ltr'>hi</span> <span class='ocrx_word' id='word_1_50' title='bbox 360 898 565 970; x_wconf 82' lang='lat' dir='ltr'>nuncetiam,</span> <span class='ocrx_word' id='word_1_51' title='bbox 594 898 646 975; x_wconf 91' lang='lat' dir='ltr'>qui</span> <span class='ocrx_word' id='word_1_52' title='bbox 670 899 775 958; x_wconf 86' lang='lat' dir='ltr'>volunt</span> <span class='ocrx_word' id='word_1_53' title='bbox 795 901 968 976; x_wconf 77' lang='lat' dir='ltr'>evangelici</span> 
     </span>
    </p>

    <p class='ocr_par' dir='ltr' id='par_1_7' title="bbox 77 1002 966 1075">
     <span class='ocr_line' id='line_1_8' title="bbox 77 1002 966 1075; baseline 0.009 -15"><span class='ocrx_word' id='word_1_54' title='bbox 77 1002 167 1072; x_wconf 86' lang='lat' dir='ltr'>ebeni,</span> <span class='ocrx_word' id='word_1_55' title='bbox 201 1005 329 1062; x_wconf 83' lang='lat' dir='ltr'>tremunt</span> <span class='ocrx_word' id='word_1_56' title='bbox 352 1011 381 1063; x_wconf 89' lang='lat' dir='ltr'>et</span> <span class='ocrx_word' id='word_1_57' title='bbox 403 1005 514 1075; x_wconf 81' lang='lat' dir='ltr'>furunt,</span> <span class='ocrx_word' id='word_1_58' title='bbox 550 1003 601 1063; x_wconf 86' lang='lat' dir='ltr'>ubi</span> <span class='ocrx_word' id='word_1_59' title='bbox 625 1005 673 1063; x_wconf 84' lang='lat' dir='ltr'>vel</span> <span class='ocrx_word' id='word_1_60' title='bbox 695 1003 801 1064; x_wconf 89' lang='lat' dir='ltr'>leviter</span> <span class='ocrx_word' id='word_1_61' title='bbox 824 1012 966 1068; x_wconf 84' lang='lat' dir='ltr'>taxantur</span> 
     </span>
    </p>

    <p class='ocr_par' dir='ltr' id='par_1_8' title="bbox 77 1096 965 1189">
     <span class='ocr_line' id='line_1_9' title="bbox 77 1096 965 1189; baseline 0.006 -23"><span class='ocrx_word' id='word_1_62' title='bbox 77 1123 106 1167; x_wconf 84' lang='lat' dir='ltr'>ee</span> <span class='ocrx_word' id='word_1_63' title='bbox 132 1108 281 1168; x_wconf 87' lang='lat' dir='ltr'>sustinent</span> <span class='ocrx_word' id='word_1_64' title='bbox 315 1107 419 1169; x_wconf 80' lang='lat' dir='ltr'>audire</span> <span class='ocrx_word' id='word_1_65' title='bbox 449 1109 654 1189; x_wconf 21' lang='lat' dir='ltr'>&#39;corripientes‘</span> <span class='ocrx_word' id='word_1_66' title='bbox 675 1115 705 1169; x_wconf 88' lang='lat' dir='ltr'>et</span> <span class='ocrx_word' id='word_1_67' title='bbox 733 1096 965 1178; x_wconf 84' lang='lat' dir='ltr'>admonitiones.</span> 
     </span>
    </p>

    <p class='ocr_par' dir='ltr' id='par_1_9' title="bbox 77 1193 1044 1291">
     <span class='ocr_line' id='line_1_10' title="bbox 77 1193 1044 1291; baseline 0.006 -17"><span class='ocrx_word' id='word_1_68' title='bbox 77 1215 159 1275; x_wconf 83' lang='lat' dir='ltr'>&#39;olunt</span> <span class='ocrx_word' id='word_1_69' title='bbox 190 1214 358 1274; x_wconf 79' lang='lat' dir='ltr'>libertatem</span> <span class='ocrx_word' id='word_1_70' title='bbox 389 1223 504 1275; x_wconf 83' lang='lat' dir='ltr'>tantum</span> <span class='ocrx_word' id='word_1_71' title='bbox 534 1193 718 1291; x_wconf 76' lang='lat' dir='ltr'>praedieari‚</span> <span class='ocrx_word' id='word_1_72' title='bbox 752 1231 809 1276; x_wconf 86' lang='lat' dir='ltr'>nee</span> <span class='ocrx_word' id='word_1_73' title='bbox 838 1208 910 1277; x_wconf 83' lang='lat' dir='ltr'>vitia</span> <span class='ocrx_word' id='word_1_74' title='bbox 938 1225 967 1279; x_wconf 87' lang='lat' dir='ltr'>et</span> <span class='ocrx_word' id='word_1_75' title='bbox 1039 1195 1044 1206; x_wconf 65' lang='grc'>’</span> 
     </span>
    </p>

    <p class='ocr_par' dir='ltr' id='par_1_10' title="bbox 78 1310 1027 1403">
     <span class='ocr_line' id='line_1_11' title="bbox 78 1310 1027 1403; baseline 0.006 -24"><span class='ocrx_word' id='word_1_76' title='bbox 78 1320 161 1396; x_wconf 84' lang='lat' dir='ltr'>egitiu</span> <span class='ocrx_word' id='word_1_77' title='bbox 184 1320 280 1378; x_wconf 80' lang='lat' dir='ltr'>taxari</span> <span class='ocrx_word' id='word_1_78' title='bbox 303 1337 321 1378; x_wconf 84' lang='lat' dir='ltr'>a</span> <span class='ocrx_word' id='word_1_79' title='bbox 344 1320 444 1380; x_wconf 87' lang='lat' dir='ltr'>nubis.</span> <span class='ocrx_word' id='word_1_80' title='bbox 485 1320 666 1387; x_wconf 84' lang='lat' dir='ltr'>Secundum</span> <span class='ocrx_word' id='word_1_81' title='bbox 681 1310 975 1391; x_wconf 80' lang='lat' dir='ltr'>novumhomin&#39;em.</span> <span class='ocrx_word' id='word_1_82' title='bbox 1024 1398 1027 1403; x_wconf 63' lang='lat'><em>,</em></span> 
     </span>
    </p>

    <p class='ocr_par' dir='ltr' id='par_1_11' title="bbox 77 1423 1050 1514">
     <span class='ocr_line' id='line_1_12' title="bbox 77 1423 1050 1514; baseline -0.002 -29"><span class='ocrx_word' id='word_1_83' title='bbox 77 1431 100 1486; x_wconf 82' lang='lat' dir='ltr'>st</span> <span class='ocrx_word' id='word_1_84' title='bbox 119 1423 200 1483; x_wconf 86' lang='lat' dir='ltr'>triste</span> <span class='ocrx_word' id='word_1_85' title='bbox 222 1424 326 1485; x_wconf 82' lang='lat' dir='ltr'>audire</span> <span class='ocrx_word' id='word_1_86' title='bbox 344 1425 421 1500; x_wconf 83' lang='lat' dir='ltr'>legis</span> <span class='ocrx_word' id='word_1_87' title='bbox 444 1425 620 1514; x_wconf 69' lang='lat' dir='ltr'>dectrinem,</span> <span class='ocrx_word' id='word_1_88' title='bbox 642 1425 697 1496; x_wconf 87' lang='lat' dir='ltr'>sed</span> <span class='ocrx_word' id='word_1_89' title='bbox 718 1426 833 1503; x_wconf 83' lang='lat' dir='ltr'>populo</span> <span class='ocrx_word' id='word_1_90' title='bbox 847 1444 965 1502; x_wconf 84' lang='lat' dir='ltr'>cresso,</span> <span class='ocrx_word' id='word_1_91' title='bbox 1048 1472 1050 1483; x_wconf 32' lang='lat' dir='ltr'>t</span> 
     </span>
    </p>

    <p class='ocr_par' dir='ltr' id='par_1_12' title="bbox 77 1527 1004 1615">
     <span class='ocr_line' id='line_1_13' title="bbox 77 1527 1004 1615; baseline 0.006 -25"><span class='ocrx_word' id='word_1_92' title='bbox 77 1529 141 1590; x_wconf 87' lang='lat' dir='ltr'>eteri</span> <span class='ocrx_word' id='word_1_93' title='bbox 163 1527 291 1600; x_wconf 87' lang='lat' dir='ltr'>homini,</span> <span class='ocrx_word' id='word_1_94' title='bbox 314 1531 400 1592; x_wconf 82' lang='lat' dir='ltr'>asino</span> <span class='ocrx_word' id='word_1_95' title='bbox 424 1530 489 1602; x_wconf 87' lang='lat' dir='ltr'>isti,</span> <span class='ocrx_word' id='word_1_96' title='bbox 517 1531 723 1608; x_wconf 84' lang='lat' dir='ltr'>praedicenda</span> <span class='ocrx_word' id='word_1_97' title='bbox 745 1537 801 1592; x_wconf 79' lang='lat' dir='ltr'>est</span> <span class='ocrx_word' id='word_1_98' title='bbox 845 1533 962 1595; x_wconf 86' lang='lat' dir='ltr'>Secun-</span> <span class='ocrx_word' id='word_1_99' title='bbox 976 1542 1004 1615; x_wconf 51' lang='grc' dir='ltr'>ᾗ</span> 
     </span>
    </p>

    <p class='ocr_par' dir='ltr' id='par_1_13' title="bbox 77 1626 1079 1713">
     <span class='ocr_line' id='line_1_14' title="bbox 77 1626 987 1713; baseline 0.003 -15"><span class='ocrx_word' id='word_1_100' title='bbox 77 1653 120 1698; x_wconf 91' lang='lat' dir='ltr'>um</span> <span class='ocrx_word' id='word_1_101' title='bbox 140 1651 261 1696; x_wconf 85' lang='lat' dir='ltr'>curnem</span> <span class='ocrx_word' id='word_1_102' title='bbox 283 1637 380 1696; x_wconf 83' lang='lat' dir='ltr'>esin</span> <span class='ocrx_word' id='word_1_103' title='bbox 411 1638 561 1713; x_wconf 81' lang='lat' dir='ltr'>peccetis,</span> <span class='ocrx_word' id='word_1_104' title='bbox 590 1637 619 1696; x_wconf 94' lang='lat' dir='ltr'>in</span> <span class='ocrx_word' id='word_1_105' title='bbox 649 1640 746 1697; x_wconf 88' lang='lat' dir='ltr'>morte</span> <span class='ocrx_word' id='word_1_106' title='bbox 767 1646 829 1698; x_wconf 84' lang='lat' dir='ltr'>ete.</span> <span class='ocrx_word' id='word_1_107' title='bbox 873 1626 987 1707; x_wconf 70' lang='lat' dir='ltr'>Oenni&#39;</span> 
     </span>
    </p>

    <p class='ocr_par' dir='ltr' id='par_1_14' title="bbox 77 1730 1096 1827">
     <span class='ocr_line' id='line_1_15' title="bbox 77 1730 1096 1827; baseline 0.006 -25"><span class='ocrx_word' id='word_1_108' title='bbox 77 1744 127 1827; x_wconf 79' lang='lat' dir='ltr'>ulte</span> <span class='ocrx_word' id='word_1_109' title='bbox 141 1742 275 1818; x_wconf 75' lang='lat' dir='ltr'>justitia,</span> <span class='ocrx_word' id='word_1_110' title='bbox 293 1744 379 1816; x_wconf 8' lang='lat' dir='ltr'>‘nulia</span> <span class='ocrx_word' id='word_1_111' title='bbox 400 1742 524 1803; x_wconf 81' lang='lat' dir='ltr'>libertas</span> <span class='ocrx_word' id='word_1_112' title='bbox 548 1733 770 1819; x_wconf 81' lang='lat' dir='ltr'>praedicanda,</span> <span class='ocrx_word' id='word_1_113' title='bbox 793 1744 849 1813; x_wconf 86' lang='lat' dir='ltr'>sed</span> <span class='ocrx_word' id='word_1_114' title='bbox 871 1742 963 1823; x_wconf 82' lang='lat' dir='ltr'>scep·</span> <span class='ocrx_word' id='word_1_115' title='bbox 1080 1730 1096 1749; x_wconf 57' lang='lat'>&#39;¹</span> 
     </span>
    </p>

    <p class='ocr_par' dir='ltr' id='par_1_15' title="bbox 77 1838 966 1924">
     <span class='ocr_line' id='line_1_16' title="bbox 77 1838 966 1924; baseline 0.003 -15"><span class='ocrx_word' id='word_1_116' title='bbox 77 1864 125 1910; x_wconf 91' lang='lat' dir='ltr'>um</span> <span class='ocrx_word' id='word_1_117' title='bbox 146 1848 297 1915; x_wconf 83' lang='lat' dir='ltr'>exactoris</span> <span class='ocrx_word' id='word_1_118' title='bbox 324 1848 549 1924; x_wconf 81' lang='lat' dir='ltr'>imponendum.</span> <span class='ocrx_word' id='word_1_119' title='bbox 593 1847 685 1907; x_wconf 84' lang='lat' dir='ltr'>Extra</span> <span class='ocrx_word' id='word_1_120' title='bbox 705 1846 796 1909; x_wconf 84' lang='lat' dir='ltr'>iidem</span> <span class='ocrx_word' id='word_1_121' title='bbox 817 1850 847 1909; x_wconf 91' lang='lat' dir='ltr'>in</span> <span class='ocrx_word' id='word_1_122' title='bbox 870 1838 966 1913; x_wconf 76' lang='lat' dir='ltr'>e&#39;urne·</span> 
     </span>
    </p>

    <p class='ocr_par' dir='ltr' id='par_1_16' title="bbox 77 1952 961 2030">
     <span class='ocr_line' id='line_1_17' title="bbox 77 1952 961 2030; baseline 0.003 -15"><span class='ocrx_word' id='word_1_123' title='bbox 77 1953 180 2030; x_wconf 81' lang='lat' dir='ltr'>rgenda</span> <span class='ocrx_word' id='word_1_124' title='bbox 201 1955 260 2016; x_wconf 84' lang='lat' dir='ltr'>lex.</span> <span class='ocrx_word' id='word_1_125' title='bbox 305 1952 457 2014; x_wconf 84' lang='lat' dir='ltr'>Debemus</span> <span class='ocrx_word' id='word_1_126' title='bbox 479 1954 557 2012; x_wconf 90' lang='lat' dir='ltr'>enim</span> <span class='ocrx_word' id='word_1_127' title='bbox 582 1952 706 2028; x_wconf 81' lang='lat' dir='ltr'>corrigi,</span> <span class='ocrx_word' id='word_1_128' title='bbox 734 1960 766 2014; x_wconf 92' lang='lat' dir='ltr'>ut</span> <span class='ocrx_word' id='word_1_129' title='bbox 788 1954 961 2025; x_wconf 85' lang='lat' dir='ltr'>destruatur</span> 
     </span>
    </p>

    <p class='ocr_par' dir='ltr' id='par_1_17' title="bbox 77 2058 1046 2136">
     <span class='ocr_line' id='line_1_18' title="bbox 77 2058 1046 2136; baseline 0.005 -17"><span class='ocrx_word' id='word_1_130' title='bbox 77 2075 157 2135; x_wconf 76' lang='lat' dir='ltr'>&gt;rpus</span> <span class='ocrx_word' id='word_1_131' title='bbox 179 2059 313 2136; x_wconf 81' lang='lat' dir='ltr'>peceati,</span> <span class='ocrx_word' id='word_1_132' title='bbox 347 2058 429 2136; x_wconf 88' lang='lat' dir='ltr'>quod</span> <span class='ocrx_word' id='word_1_133' title='bbox 459 2066 488 2119; x_wconf 89' lang='lat' dir='ltr'>et</span> <span class='ocrx_word' id='word_1_134' title='bbox 511 2064 580 2118; x_wconf 85' lang='lat' dir='ltr'>ante</span> <span class='ocrx_word' id='word_1_135' title='bbox 612 2058 769 2131; x_wconf 87' lang='lat' dir='ltr'>admonui,</span> <span class='ocrx_word' id='word_1_136' title='bbox 803 2076 860 2121; x_wconf 84' lang='lat' dir='ltr'>nee</span> <span class='ocrx_word' id='word_1_137' title='bbox 882 2062 960 2124; x_wconf 85' lang='lat' dir='ltr'>setis</span> <span class='ocrx_word' id='word_1_138' title='bbox 1043 2106 1046 2111; x_wconf 61' lang='grc'><strong><em>«</em></strong></span> 
     </span>
    </p>

    <p class='ocr_par' dir='ltr' id='par_1_18' title="bbox 77 2163 960 2253">
     <span class='ocr_line' id='line_1_19' title="bbox 77 2163 960 2253; baseline 0.005 -29"><span class='ocrx_word' id='word_1_139' title='bbox 77 2164 198 2227; x_wconf 87' lang='lat' dir='ltr'>imoneri</span> <span class='ocrx_word' id='word_1_140' title='bbox 220 2171 324 2243; x_wconf 87' lang='lat' dir='ltr'>potest</span> <span class='ocrx_word' id='word_1_141' title='bbox 345 2172 470 2242; x_wconf 83' lang='lat' dir='ltr'>propter</span> <span class='ocrx_word' id='word_1_142' title='bbox 503 2163 603 2224; x_wconf 82' lang='lat' dir='ltr'>cernis</span> <span class='ocrx_word' id='word_1_143' title='bbox 632 2163 791 2225; x_wconf 72' lang='lat' dir='ltr'>lasciniam</span> <span class='ocrx_word' id='word_1_144' title='bbox 822 2174 851 2227; x_wconf 89' lang='lat' dir='ltr'>et</span> <span class='ocrx_word' id='word_1_145' title='bbox 865 2174 960 2253; x_wconf 27' lang='lat' dir='ltr'>‘petu-</span> 
     </span>
    </p>

    <p class='ocr_par' dir='ltr' id='par_1_19' title="bbox 77 2268 958 2348">
     <span class='ocr_line' id='line_1_20' title="bbox 77 2268 958 2348; baseline 0.006 -19"><span class='ocrx_word' id='word_1_146' title='bbox 77 2270 174 2341; x_wconf 85' lang='lat' dir='ltr'>utiam,</span> <span class='ocrx_word' id='word_1_147' title='bbox 197 2287 277 2346; x_wconf 84' lang='lat' dir='ltr'>quae</span> <span class='ocrx_word' id='word_1_148' title='bbox 298 2268 466 2331; x_wconf 82' lang='lat' dir='ltr'>libertatem</span> <span class='ocrx_word' id='word_1_149' title='bbox 477 2277 650 2346; x_wconf 83' lang='lat' dir='ltr'>aucupetur</span> <span class='ocrx_word' id='word_1_150' title='bbox 671 2269 792 2347; x_wconf 88' lang='lat' dir='ltr'>ubique,</span> <span class='ocrx_word' id='word_1_151' title='bbox 805 2286 883 2332; x_wconf 81' lang='lat' dir='ltr'>eum</span> <span class='ocrx_word' id='word_1_152' title='bbox 898 2274 958 2348; x_wconf 79' lang='lat' dir='ltr'>legi</span> 
     </span>
    </p>

    <p class='ocr_par' dir='ltr' id='par_1_20' title="bbox 77 2375 957 2462">
     <span class='ocr_line' id='line_1_21' title="bbox 77 2375 957 2462; baseline 0.006 -27"><span class='ocrx_word' id='word_1_153' title='bbox 77 2393 113 2435; x_wconf 91' lang='lat' dir='ltr'>m</span> <span class='ocrx_word' id='word_1_154' title='bbox 136 2375 396 2452; x_wconf 84' lang='lat' dir='ltr'>subjicineeesse</span> <span class='ocrx_word' id='word_1_155' title='bbox 424 2375 492 2462; x_wconf 82' lang='lat' dir='ltr'>sit</span> <span class='ocrx_word' id='word_1_156' title='bbox 513 2375 555 2435; x_wconf 86' lang='lat' dir='ltr'>Es</span> <span class='ocrx_word' id='word_1_157' title='bbox 589 2375 665 2435; x_wconf 85' lang='lat' dir='ltr'>tiber</span> <span class='ocrx_word' id='word_1_158' title='bbox 693 2376 819 2450; x_wconf 83' lang='lat' dir='ltr'>alege,</span> <span class='ocrx_word' id='word_1_159' title='bbox 855 2379 957 2455; x_wconf 82' lang='lat' dir='ltr'>quoad</span> 
     </span>
    </p>

    <p class='ocr_par' dir='ltr' id='par_1_21' title="bbox 77 2481 957 2563">
     <span class='ocr_line' id='line_1_22' title="bbox 77 2481 957 2563; baseline -0.005 -14"><span class='ocrx_word' id='word_1_160' title='bbox 77 2499 156 2549; x_wconf 71' lang='lat' dir='ltr'>evum</span> <span class='ocrx_word' id='word_1_161' title='bbox 171 2482 334 2555; x_wconf 87' lang='lat' dir='ltr'>hominem,</span> <span class='ocrx_word' id='word_1_162' title='bbox 356 2498 416 2542; x_wconf 89' lang='lat' dir='ltr'>non</span> <span class='ocrx_word' id='word_1_163' title='bbox 437 2498 471 2542; x_wconf 87' lang='lat' dir='ltr'>es</span> <span class='ocrx_word' id='word_1_164' title='bbox 483 2481 558 2541; x_wconf 87' lang='lat' dir='ltr'>liber</span> <span class='ocrx_word' id='word_1_165' title='bbox 579 2481 696 2563; x_wconf 67' lang='lat' dir='ltr'>alege.</span> <span class='ocrx_word' id='word_1_166' title='bbox 708 2482 810 2558; x_wconf 84' lang='lat' dir='ltr'>quoad</span> <span class='ocrx_word' id='word_1_167' title='bbox 824 2490 957 2545; x_wconf 86' lang='lat' dir='ltr'>veterem</span> 
     </span>
    </p>

    <p class='ocr_par' dir='ltr' id='par_1_22' title="bbox 77 2586 999 2768">
     <span class='ocr_line' id='line_1_23' title="bbox 77 2586 999 2666; baseline 0.003 -18"><span class='ocrx_word' id='word_1_168' title='bbox 77 2590 209 2660; x_wconf 80' lang='lat' dir='ltr'>minem,</span> <span class='ocrx_word' id='word_1_169' title='bbox 245 2589 297 2664; x_wconf 88' lang='lat' dir='ltr'>qui</span> <span class='ocrx_word' id='word_1_170' title='bbox 330 2587 388 2648; x_wconf 89' lang='lat' dir='ltr'>sub</span> <span class='ocrx_word' id='word_1_171' title='bbox 423 2595 545 2663; x_wconf 85' lang='lat' dir='ltr'>seeptro</span> <span class='ocrx_word' id='word_1_172' title='bbox 576 2586 729 2659; x_wconf 70' lang='lat' dir='ltr'>exactoris</span> <span class='ocrx_word' id='word_1_173' title='bbox 759 2587 798 2647; x_wconf 92' lang='lat' dir='ltr'>sit</span> <span class='ocrx_word' id='word_1_174' title='bbox 828 2597 955 2666; x_wconf 80' lang='lat' dir='ltr'>opertet,</span> <span class='ocrx_word' id='word_1_175' title='bbox 995 2636 999 2641; x_wconf 80' lang='grc'><strong>-</strong></span> 
     </span>
     <span class='ocr_line' id='line_1_24' title="bbox 106 2690 994 2768; baseline 0.003 -13"><span class='ocrx_word' id='word_1_176' title='bbox 106 2695 305 2756; x_wconf 72' lang='lat' dir='ltr'>mortificetur.</span> <span class='ocrx_word' id='word_1_177' title='bbox 333 2695 387 2761; x_wconf 62' lang='grc' dir='ltr'>Ἀι</span> <span class='ocrx_word' id='word_1_178' title='bbox 416 2708 496 2753; x_wconf 89' lang='lat' dir='ltr'>novo</span> <span class='ocrx_word' id='word_1_179' title='bbox 524 2690 637 2752; x_wconf 86' lang='lat' dir='ltr'>homini</span> <span class='ocrx_word' id='word_1_180' title='bbox 671 2699 824 2768; x_wconf 82' lang='lat' dir='ltr'>sceptrum</span> <span class='ocrx_word' id='word_1_181' title='bbox 847 2695 876 2755; x_wconf 93' lang='lat' dir='ltr'>id</span> <span class='ocrx_word' id='word_1_182' title='bbox 900 2695 954 2759; x_wconf 80' lang='lat' dir='ltr'>do·</span> <span class='ocrx_word' id='word_1_183' title='bbox 990 2728 994 2736; x_wconf 89' lang='lat'><strong>·</strong></span> 
     </span>
    </p>

    <p class='ocr_par' dir='ltr' id='par_1_23' title="bbox 82 2778 954 2868">
     <span class='ocr_line' id='line_1_25' title="bbox 82 2778 954 2868; baseline 0.002 -8"><span class='ocrx_word' id='word_1_184' title='bbox 82 2803 148 2862; x_wconf 85' lang='lat' dir='ltr'>neni</span> <span class='ocrx_word' id='word_1_185' title='bbox 179 2818 238 2861; x_wconf 86' lang='lat' dir='ltr'>non</span> <span class='ocrx_word' id='word_1_186' title='bbox 260 2778 359 2861; x_wconf 85' lang='lat' dir='ltr'>debet.</span> <span class='ocrx_word' id='word_1_187' title='bbox 401 2796 431 2857; x_wconf 91' lang='lat' dir='ltr'>Is</span> <span class='ocrx_word' id='word_1_188' title='bbox 460 2797 538 2857; x_wconf 90' lang='lat' dir='ltr'>enim</span> <span class='ocrx_word' id='word_1_189' title='bbox 572 2805 620 2857; x_wconf 89' lang='lat' dir='ltr'>est</span> <span class='ocrx_word' id='word_1_190' title='bbox 640 2796 729 2868; x_wconf 87' lang='lat' dir='ltr'>liber,</span> <span class='ocrx_word' id='word_1_191' title='bbox 765 2806 812 2858; x_wconf 84' lang='lat' dir='ltr'>est</span> <span class='ocrx_word' id='word_1_192' title='bbox 840 2817 894 2861; x_wconf 88' lang='lat' dir='ltr'>rex</span> <span class='ocrx_word' id='word_1_193' title='bbox 925 2809 954 2862; x_wconf 86' lang='lat' dir='ltr'>et</span> 
     </span>
    </p>

    <p class='ocr_par' dir='ltr' id='par_1_24' title="bbox 80 2876 954 2983">
     <span class='ocr_line' id='line_1_26' title="bbox 80 2876 954 2983; baseline 0 -17"><span class='ocrx_word' id='word_1_194' title='bbox 80 2907 182 2969; x_wconf 88' lang='lat' dir='ltr'>minus</span> <span class='ocrx_word' id='word_1_195' title='bbox 204 2922 299 2983; x_wconf 88' lang='lat' dir='ltr'>super</span> <span class='ocrx_word' id='word_1_196' title='bbox 319 2876 493 2982; x_wconf 79' lang='lat' dir='ltr'>peceatum,</span> <span class='ocrx_word' id='word_1_197' title='bbox 522 2911 648 2963; x_wconf 87' lang='lat' dir='ltr'>montem</span> <span class='ocrx_word' id='word_1_198' title='bbox 671 2909 700 2962; x_wconf 90' lang='lat' dir='ltr'>et</span> <span class='ocrx_word' id='word_1_199' title='bbox 722 2903 891 2978; x_wconf 82' lang='lat' dir='ltr'>diabolum,</span> <span class='ocrx_word' id='word_1_200' title='bbox 923 2915 954 2967; x_wconf 89' lang='lat' dir='ltr'>ut</span> 
     </span>
    </p>

    <p class='ocr_par' dir='ltr' id='par_1_25' title="bbox 77 3008 1058 3102">
     <span class='ocr_line' id='line_1_27' title="bbox 77 3008 1058 3102; baseline 0.003 -32"><span class='ocrx_word' id='word_1_201' title='bbox 77 3011 119 3083; x_wconf 71' lang='lat' dir='ltr'>ni,</span> <span class='ocrx_word' id='word_1_202' title='bbox 152 3020 275 3090; x_wconf 83' lang='lat' dir='ltr'>propter</span> <span class='ocrx_word' id='word_1_203' title='bbox 296 3012 389 3102; x_wconf 79' lang='lat' dir='ltr'>filium</span> <span class='ocrx_word' id='word_1_204' title='bbox 410 3011 491 3071; x_wconf 87' lang='lat' dir='ltr'>ilium</span> <span class='ocrx_word' id='word_1_205' title='bbox 515 3009 635 3080; x_wconf 84' lang='lat' dir='ltr'>datum,</span> <span class='ocrx_word' id='word_1_206' title='bbox 658 3009 722 3093; x_wconf 85' lang='lat' dir='ltr'>¹qui</span> <span class='ocrx_word' id='word_1_207' title='bbox 745 3008 839 3099; x_wconf 71' lang='lat' dir='ltr'>hebet</span> <span class='ocrx_word' id='word_1_208' title='bbox 859 3011 950 3073; x_wconf 85' lang='lat' dir='ltr'>iiber·</span> <span class='ocrx_word' id='word_1_209' title='bbox 1052 3061 1058 3072; x_wconf 89' lang='lat'><em>.</em></span> 
     </span>
    </p>

    <p class='ocr_par' dir='ltr' id='par_1_26' title="bbox 77 3106 985 3309">
     <span class='ocr_line' id='line_1_28' title="bbox 77 3106 971 3189; baseline 0.001 -15"><span class='ocrx_word' id='word_1_210' title='bbox 77 3120 133 3178; x_wconf 71' lang='lat' dir='ltr'>tem</span> <span class='ocrx_word' id='word_1_211' title='bbox 155 3106 342 3179; x_wconf 84' lang='lat' dir='ltr'>in&#39;humeris</span> <span class='ocrx_word' id='word_1_212' title='bbox 365 3115 441 3185; x_wconf 82' lang='lat' dir='ltr'>suis.</span> <span class='ocrx_word' id='word_1_213' title='bbox 468 3184 471 3189; x_wconf 84' lang='lat'>.</span> <span class='ocrx_word' id='word_1_214' title='bbox 968 3168 971 3175; x_wconf 93' lang='lat'>.</span> 
     </span>
     <span class='ocr_line' id='line_1_29' title="bbox 95 3208 985 3309; baseline -0.002 -25"><span class='ocrx_word' id='word_1_215' title='bbox 95 3223 249 3298; x_wconf 80' lang='lat' dir='ltr'>‘Quando</span> <span class='ocrx_word' id='word_1_216' title='bbox 286 3239 358 3298; x_wconf 79' lang='lat' dir='ltr'>ergo</span> <span class='ocrx_word' id='word_1_217' title='bbox 399 3221 479 3281; x_wconf 89' lang='lat' dir='ltr'>venit</span> <span class='ocrx_word' id='word_1_218' title='bbox 516 3208 690 3296; x_wconf 66' lang='lat' dir='ltr'>peceatum,</span> <span class='ocrx_word' id='word_1_219' title='bbox 706 3226 716 3309; x_wconf 56' lang='lat' dir='ltr'>J</span> <span class='ocrx_word' id='word_1_220' title='bbox 729 3228 760 3280; x_wconf 91' lang='lat' dir='ltr'>ut</span> <span class='ocrx_word' id='word_1_221' title='bbox 789 3228 819 3280; x_wconf 87' lang='lat' dir='ltr'>te</span> <span class='ocrx_word' id='word_1_222' title='bbox 854 3229 951 3293; x_wconf 87' lang='lat' dir='ltr'>vexet,</span> <span class='ocrx_word' id='word_1_223' title='bbox 983 3258 985 3263; x_wconf 34' lang='grc' dir='ltr'>ι</span> 
     </span>
    </p>

    <p class='ocr_par' dir='ltr' id='par_1_27' title="bbox 77 3324 952 3403">
     <span class='ocr_line' id='line_1_30' title="bbox 77 3324 952 3403; baseline 0.003 -19"><span class='ocrx_word' id='word_1_224' title='bbox 77 3329 162 3390; x_wconf 53' lang='lat' dir='ltr'>{eundo</span> <span class='ocrx_word' id='word_1_225' title='bbox 185 3329 325 3392; x_wconf 84' lang='lat' dir='ltr'>diabolus</span> <span class='ocrx_word' id='word_1_226' title='bbox 348 3334 444 3397; x_wconf 86' lang='lat' dir='ltr'>terret,</span> <span class='ocrx_word' id='word_1_227' title='bbox 468 3324 590 3403; x_wconf 82' lang='lat' dir='ltr'>quando</span> <span class='ocrx_word' id='word_1_228' title='bbox 614 3339 695 3384; x_wconf 85' lang='lat' dir='ltr'>mers</span> <span class='ocrx_word' id='word_1_229' title='bbox 718 3324 858 3398; x_wconf 88' lang='lat' dir='ltr'>imminet,</span> <span class='ocrx_word' id='word_1_230' title='bbox 880 3343 952 3401; x_wconf 72' lang='lat' dir='ltr'>mont</span> 
     </span>
    </p>

    <p class='ocr_par' dir='ltr' id='par_1_28' title="bbox 77 3416 950 3496">
     <span class='ocr_line' id='line_1_31' title="bbox 77 3416 950 3496; baseline -0.003 -2"><span class='ocrx_word' id='word_1_231' title='bbox 77 3416 165 3495; x_wconf 84' lang='lat' dir='ltr'>tende</span> <span class='ocrx_word' id='word_1_232' title='bbox 188 3435 215 3496; x_wconf 91' lang='lat' dir='ltr'>ei</span> <span class='ocrx_word' id='word_1_233' title='bbox 238 3432 339 3495; x_wconf 85' lang='lat' dir='ltr'>fitium.</span> <span class='ocrx_word' id='word_1_234' title='bbox 383 3433 418 3494; x_wconf 87' lang='lat' dir='ltr'>Et</span> <span class='ocrx_word' id='word_1_235' title='bbox 440 3431 520 3492; x_wconf 82' lang='lat' dir='ltr'>hunc</span> <span class='ocrx_word' id='word_1_236' title='bbox 542 3429 634 3490; x_wconf 85' lang='lat' dir='ltr'>filium</span> <span class='ocrx_word' id='word_1_237' title='bbox 657 3418 885 3491; x_wconf 81' lang='lat' dir='ltr'>inconniveiner</span> <span class='ocrx_word' id='word_1_238' title='bbox 905 3433 950 3491; x_wconf 90' lang='lat' dir='ltr'>in-</span> 
     </span>
    </p>

    <p class='ocr_par' dir='ltr' id='par_1_29' title="bbox 77 3532 948 3616">
     <span class='ocr_line' id='line_1_32' title="bbox 77 3532 948 3616; baseline -0.002 -17"><span class='ocrx_word' id='word_1_239' title='bbox 77 3539 130 3611; x_wconf 80' lang='lat' dir='ltr'>ite,</span> <span class='ocrx_word' id='word_1_240' title='bbox 153 3541 191 3600; x_wconf 87' lang='lat' dir='ltr'>ab</span> <span class='ocrx_word' id='word_1_241' title='bbox 214 3539 274 3601; x_wconf 86' lang='lat' dir='ltr'>hoc</span> <span class='ocrx_word' id='word_1_242' title='bbox 295 3555 446 3616; x_wconf 79' lang='lat' dir='ltr'>nusquam</span> <span class='ocrx_word' id='word_1_243' title='bbox 470 3536 575 3598; x_wconf 82' lang='lat' dir='ltr'>oeulos</span> <span class='ocrx_word' id='word_1_244' title='bbox 598 3532 728 3606; x_wconf 90' lang='lat' dir='ltr'>dimove,</span> <span class='ocrx_word' id='word_1_245' title='bbox 751 3542 779 3595; x_wconf 87' lang='lat' dir='ltr'>et</span> <span class='ocrx_word' id='word_1_246' title='bbox 801 3535 858 3608; x_wconf 85' lang='lat' dir='ltr'>dic,</span> <span class='ocrx_word' id='word_1_247' title='bbox 881 3553 948 3597; x_wconf 90' lang='lat' dir='ltr'>sum</span> 
     </span>
    </p>

    <p class='ocr_par' dir='ltr' id='par_1_30' title="bbox 78 3638 1057 3719">
     <span class='ocr_line' id='line_1_33' title="bbox 78 3638 1057 3719; baseline -0.007 -11"><span class='ocrx_word' id='word_1_248' title='bbox 78 3646 159 3719; x_wconf 81' lang='lat' dir='ltr'>eran,</span> <span class='ocrx_word' id='word_1_249' title='bbox 183 3663 251 3707; x_wconf 89' lang='lat' dir='ltr'>snm</span> <span class='ocrx_word' id='word_1_250' title='bbox 273 3638 355 3706; x_wconf 82' lang='lat' dir='ltr'>tiber.</span> <span class='ocrx_word' id='word_1_251' title='bbox 397 3644 464 3703; x_wconf 84' lang='lat' dir='ltr'>Noti</span> <span class='ocrx_word' id='word_1_252' title='bbox 484 3658 533 3703; x_wconf 90' lang='lat' dir='ltr'>me</span> <span class='ocrx_word' id='word_1_253' title='bbox 557 3657 677 3705; x_wconf 84' lang='lat' dir='ltr'>vexere.</span> <span class='ocrx_word' id='word_1_254' title='bbox 704 3641 797 3701; x_wconf 84' lang='lat' dir='ltr'>Anien</span> <span class='ocrx_word' id='word_1_255' title='bbox 818 3648 847 3701; x_wconf 90' lang='lat' dir='ltr'>te</span> <span class='ocrx_word' id='word_1_256' title='bbox 869 3640 946 3704; x_wconf 85' lang='lat' dir='ltr'>hinc.</span> <span class='ocrx_word' id='word_1_257' title='bbox 970 3710 974 3717; x_wconf 52' lang='grc'>,</span> <span class='ocrx_word' id='word_1_258' title='bbox 1051 3648 1057 3652; x_wconf 72' lang='grc'>”</span> 
     </span>
    </p>

    <p class='ocr_par' dir='ltr' id='par_1_31' title="bbox 77 3720 1076 3827">
     <span class='ocr_line' id='line_1_34' title="bbox 77 3720 1076 3827; baseline -0.008 -13"><span class='ocrx_word' id='word_1_259' title='bbox 77 3753 114 3813; x_wconf 82' lang='lat' dir='ltr'>nii</span> <span class='ocrx_word' id='word_1_260' title='bbox 135 3753 188 3814; x_wconf 84' lang='lat' dir='ltr'>tibi</span> <span class='ocrx_word' id='word_1_261' title='bbox 212 3752 242 3813; x_wconf 93' lang='lat' dir='ltr'>in</span> <span class='ocrx_word' id='word_1_262' title='bbox 263 3766 312 3812; x_wconf 89' lang='lat' dir='ltr'>me</span> <span class='ocrx_word' id='word_1_263' title='bbox 330 3748 421 3826; x_wconf 84' lang='lat' dir='ltr'>juris,</span> <span class='ocrx_word' id='word_1_264' title='bbox 454 3749 508 3810; x_wconf 88' lang='lat' dir='ltr'>sed</span> <span class='ocrx_word' id='word_1_265' title='bbox 531 3727 674 3827; x_wconf 80' lang='lat' dir='ltr'>peeeet&#39;er</span> <span class='ocrx_word' id='word_1_266' title='bbox 695 3763 744 3821; x_wconf 86' lang='lat' dir='ltr'>es,</span> <span class='ocrx_word' id='word_1_267' title='bbox 772 3745 869 3825; x_wconf 88' lang='lat' dir='ltr'>inquit</span> <span class='ocrx_word' id='word_1_268' title='bbox 889 3747 948 3818; x_wconf 84' lang='lat' dir='ltr'>lex,</span> <span class='ocrx_word' id='word_1_269' title='bbox 1057 3720 1076 3759; x_wconf 71' lang='lat'>&#39;&#39;</span> 
     </span>
    </p>
   </div>
   <div class='ocr_carea' id='block_1_3' title="bbox 0 0 1134 4170">
    <p class='ocr_par' dir='ltr' id='par_1_32' title="bbox 0 0 1134 4170">
     <span class='ocr_line' id='line_1_35' title="bbox 0 0 1134 4170; baseline 0 0"><span class='ocrx_word' id='word_1_270' title='bbox 0 0 1134 4170; x_wconf 95' lang='lat' dir='ltr'> </span> 
     </span>
    </p>
   </div>
  </div>
 </body>
</html>
