2258 4170
389 125 456 202 Gap.
477 119 506 186 9.
527 124 637 185 Esaiae
776 143 779 155 ·
855 114 857 121 ’
884 132 886 136 ’
909 112 972 183 395

56 306 171 370 oantio
181 304 267 380 haee,
288 292 367 369 liuor
380 313 470 368 natus
488 313 536 368 est
550 305 640 368 nobis
653 311 718 377 ete
740 311 771 366 et
759 301 990 366 toantnbimns

58 429 127 474 eam
143 415 173 475 in
189 415 313 476 saecula
325 414 532 474 saeculorum
526 430 630 532 inque
632 411 803 472 luturavita
814 406 977 473 admirabi-

57 535 126 580 mur
140 506 178 580 et'
198 520 379 605 laetabimur
392 520 510 597 plene
502 536 531 579 rn
554 520 602 580 illa
614 494 834 579 inaestimabili
851 515 973 589 laetitia,

58 623 291 703 qnodlletfilrus
301 633 348 687 est
360 627 627 704 parvulusnoster
648 622 764 685 etlilrns
774 619 973 683 noblsdatns
1010 656 1016 689 t
1092 599 1096 609 Χ

140 732 236 815 Porro
258 729 309 793 lilii
331 747 438 793 vocem
461 730 589 821 aeoipio,
611 747 680 791 non
693 735 807 790 tantum
830 726 1022 788 snbstan-
1052 713 1061 735 '

60 839 139 908 live,
169 837 224 919 sed
248 838 338 899 etiam
360 838 500 907 relative,
528 843 558 897 et
579 836 608 896 in
631 818 876 913 praedicamento
897 831 977 892 rela-
1048 822 1082 858 ‘·

59 942 163 1004 tionis.
206 943 258 1004 Sic
287 944 367 1004 enim
400 950 511 1004 sonant
539 942 646 1013 verba,
679 936 781 1003 Datus
808 945 856 1000 est
880 935 986 999 nobis

57 1048 161 1111 illios..
193 1048 396 1126 supradixit,
418 1064 476 1109 nos
498 1048 595 1110 inisse
617 1062 787 1124 oppressos
806 1032 882 1120 jngo
904 1056 979 1104 one·

56 1156 116 1224 ris,
154 1155 239 1230 virga
260 1153 393 1227 humeri,
427 1160 458 1214 et
485 1161 607 1231 seeptro
639 1151 801 1222 exactoris,
830 1140 905 1210 lroe‘
922 1153 1004 1231 ost,
1061 1191 1067 1219 ,

59 1240 205 1337 eaptivos
233 1260 363 1328 diaboli,
396 1258 555 1336 subjectos
584 1257 683 1328 morti,
722 1272 832 1343 servos
854 1252 980 1332 peceati,

58 1365 216 1427 ohnoxios
239 1366 307 1442 legi.
349 1365 437 1426 Nune
463 1355 537 1425 ver'o
567 1379 620 1441 per
647 1363 830 1424 contrarium
853 1359 979 1422 relative
1100 1416 1105 1436 ,

55 1470 88 1532 in
112 1469 267 1533 christum
289 1462 449 1532 eredentes
471 1469 603 1546 amplius
624 1485 684 1531 non
701 1462 772 1531 snnt
793 1467 875 1530 servi
898 1481 979 1526 mor·

11 1620 14 1625 -
58 1577 116 1650 tis,
155 1576 288 1654 pennati,
320 1577 399 1653 legis
431 1559 621 1647 et'diaboli‚
655 1575 711 1636 sed
732 1562 785 1636 nni
818 1588 874 1651 per
894 1566 978 1633 nuno

58 1680 156 1744 lilium
179 1683 269 1743 nobis
291 1681 407 1744 datum.
446 1682 491 1743 De
506 1664 575 1758 ¹qvia
596 1680 733 1743 libertate
755 1695 810 1757 per
826 1674 978 1759 Christnm
1017 1660 1029 1676 “

57 1795 148 1865 parta
176 1785 270 1864 legito
297 1787 331 1848 l).
359 1787 486 1849 Paulum
522 1788 561 1857 ed
591 1788 715 1848 Galatas
744 1785 818 1863 can.
839 1781 876 1856 3,
909 1782 976 1845 Non
1076 1766 1093 1803 ’·

56 1900 108 1956 est
136 1901 347 1970 nervosam,
379 1892 437 1954 sed
470 1908 576 1954 omnes
613 1908 671 1955 vos
699 1908 792 1954 unum
833 1889 908 1952 estis
947 1889 977 1950 in

57 1998 183 2061 Giiristo
201 1999 287 2062 lesu.
331 1998 470 2061 Servitus
492 1999 557 2075 illa,
590 2015 652 2078 qua
683 2000 763 2060 nnlla
786 1996 883 2076 potuit
904 2010 977 2057 osse

59 2104 180 2176 durior,
212 2101 370 2182 per'hnno
390 2121 510 2182 regem,
542 2104 646 2165 datum
667 2105 758 2166 nobis
785 2102 893 2174 lilium,
929 2106 977 2163 est

60 2210 197 2281 sublata,
231 2200 261 2272 et
288 2226 342 2288 per
372 2210 503 2271 eundem
532 2210 657 2271 libertas
690 2226 727 2270 ao
754 2208 858 2270 liliatio
886 2206 977 2270 nobis

60 2323 149 2394 parta
171 2331 208 2377 ao
229 2315 356 2376 reddita.
1031 2382 1056 2403 ,.

14 2420 19 2429 '
142 2421 280 2499 Populus
302 2422 379 2499 legis
400 2421 496 2484 habet
518 2438 641 2495 servum
663 2421 786 2493 Mosen,
807 2420 860 2497 qni
883 2418 978 2481 habet
1019 2480 1025 2491 ,

60 2526 195 2590 omnium
228 2530 350 2597 mortis,
392 2525 525 2604 pennati,
571 2527 775 2589 damnationis
811 2532 841 2586 et
876 2527 977 2587 malae
999 2568 1018 2587 ‚.

62 2632 280 2695 eonscientiae.
323 2633 394 2695 ldeo
416 2632 530 2695 Paulos
559 2642 650 2695 vocat
678 2632 809 2695 oiiloium
831 2630 899 2707 ejtrs
922 2630 977 2692 ad·

62 2738 315 2800 ministrationem
338 2740 460 2811 mortis,
482 2737 634 2817 quianon
653 2737 800 2815 justiiloat
819 2738 876 2799 sed
899 2738 980 2806 oeni·
1043 2730 1046 2739 ’
1080 2810 1084 2829 .

61 2843 121 2914 dit,
153 2851 297 2920 operator
325 2845 417 2916 imm,
451 2851 481 2904 et
503 2845 651 2921 captivat,
683 2860 744 2905 non
775 2844 889 2921 liberat.
932 2842 976 2904 De

24 2942 27 2949 ’
61 2966 125 3026 qna
147 2951 295 3011 servitute
317 2964 353 3010 ao
376 2944 553 3027 captivitate
567 2949 679 3029 dietum
701 2957 748 3010 est
763 2949 852 3011 nobis
873 2958 978 3027 supro,

61 3055 114 3115 nbi
138 3070 300 3130 ageremus
327 3055 365 3116 de
396 3064 519 3134 seeptro
547 3056 709 3136 exactoris.
753 3054 863 3117 Contra
895 3055 977 3131 huns
1091 3085 1093 3090 ·

51 3175 187 3235 ⁴servum
210 3168 240 3220 et
266 3161 326 3222 hoo
357 3161 682 3224 mortls'ministerinm
705 3160 857 3222 habemus
882 3159 976 3221 titium

62 3265 183 3351 datum,
217 3273 251 3327 ut
271 3267 369 3327 simus
397 3267 498 3338 liberi,
529 3268 603 3345 quia
634 3273 724 3327 natus
746 3274 794 3329 est
815 3266 918 3339 Liber,
947 3272 977 3327 et

61 3377 95 3439 ut
124 3379 210 3432 esset
239 3371 395 3443 liberator,
432 3381 463 3433 et
492 3356 605 3435 liberos
634 3389 690 3433 nos
717 3372 867 3435 redderet
909 3371 977 3433 Non

61 3483 128 3537 erat
149 3477 209 3538 sub
238 3478 306 3553 lege
333 3458 386 3539 ant
413 3477 566 3540 obnoxius
598 3479 666 3554 legi.
710 3478 819 3540 Faetus
853 3478 975 3556 quidem

60 3589 111 3643 ont
138 3582 197 3643 snb
225 3583 307 3658 lege,
340 3598 401 3643 non
428 3588 530 3646 tamen
559 3591 649 3646 natus
671 3584 834 3659 sublege,
868 3599 925 3645 neo
946 3584 975 3645 ei

59 3685 115 3776 tuit
135 3687 305 3760 obnoxius,
328 3696 473 3766 qnantum
497 3689 535 3751 ad
557 3689 656 3766 ipsius
679 3698 844 3766 personam
864 3690 973 3752 attine-
