2258 4170
8 224 14 236 »
97 174 189 261 ,Μ’
325 182 414 259 Caput
436 163 799 258 sexagaaimnm'quintum
873 258 876 269 ,

82 338 208 446 ‚tamen
239 363 367 441 spiritus
397 364 448 425 itta
482 369 606 445 speptra
628 365 768 440 vineunt,
808 366 881 444 quia
912 365 1004 426 donar

34 483 38 497 “
108 467 215 535 anulos
242 467 335 547 tigata
363 469 392 529 in
422 469 590 541 christun,
618 474 670 548 qui
700 488 754 548 per
782 479 906 532 mortem
935 488 1004 537 suan

91 568 306 665 ‘triumphavit
326 575 364 635 da
386 576 468 652 iege,
491 578 760 653 panonto,'morte‚
782 560 898 637 iniamo
919 582 950 635 et
968 594 1004 644 sa

107 685 186 740 tana.

153 806 186 842 h'
243 799 248 814 '
453 838 456 842 .
661 821 664 825 ·
694 832 696 837 .
799 830 804 842 f

228 890 230 897 ·
316 870 394 945 Non
415 873 488 951 erit
510 874 635 935 intans
657 874 811 937 diarum.
842 936 851 941 ,

190 998 247 1061 list
273 1016 330 1061 neu
361 999 532 1062 antithesis.
581 1001 646 1060 tion
671 1000 761 1060 atiud
795 999 851 1058 erit
884 974 1004 1073 regnum

108 1121 198 1184 quam
222 1105 292 1166 ittud
316 1105 393 1167 Masi
426 1107 488 1169 init.
533 1106 596 1167 Lex
618 1093 695 1166 enim
719 1105 869 1165 neminem
891 1104 999 1170 ducena

16 1200 19 1211 '
107 1211 145 1271 ad
167 1208 341 1287 patientum,
363 1212 583 1288 ergastudium
605 1211 698 1286 tegis,
720 1225 858 1286 operum,
881 1213 1004 1284 propriae

102 1294 239 1392 justitiae
253 1325 282 1377 et
296 1318 464 1394 sapientiae
479 1319 606 1394 prorsus
621 1334 681 1377 nnn
692 1317 838 1392 prodest.
872 1314 927 1388 Qui
941 1317 1004 1379 anim

105 1420 135 1480 in
168 1421 217 1484 illo
245 1423 373 1498 tagis*)
407 1423 478 1485 tudo
505 1423 714 1491 instituuntur,
749 1435 874 1496 semper
902 1431 1004 1480 manent

105 1528 206 1602 paeni,
229 1530 400 1590 manentin
422 1529 525 1590 serviti
545 1529 667 1599 timore,
696 1542 754 1587 non
777 1515 957 1602 perveniunt
975 1527 1004 1585 ad

104 1629 168 1718 hoq
186 1633 340 1708 gaudium.
381 1634 446 1711 Ego
469 1636 572 1710 igitur,
595 1632 706 1711 inquit,
727 1647 795 1693 eam
809 1629 955 1692 ¹sahoiam
974 1632 1004 1690 ie·

44 1755 70 1791 ·.
104 1736 151 1812 gis
174 1738 313 1815 perdam,
342 1746 377 1800 et
404 1740 558 1801 instituam
586 1737 727 1801 scholam
747 1737 878 1813 gratiae,
908 1736 937 1794 iu
959 1753 1004 1813 qut

105 1842 259 1920 baptisati,
281 1861 373 1925 quam
394 1846 529 1922 primum
547 1861 603 1921 per
623 1843 713 1904 fidem
736 1841 858 1905 Christo
880 1841 1004 1918 inampo

15 2031 18 2039 ,
105 1955 216 2020 rantur,
239 1958 310 2012 sunt
332 1952 496 2027 sapientes,
518 1959 548 2012 at
568 1949 683 2011 habant
703 1949 771 2009 ilios
786 1947 960 2017 thesauros,
982 1948 1004 2007 a

106 2043 219 2128 quibus
241 2056 317 2116 dixi..
355 2055 420 2118 Noti
448 2055 573 2134 quidem
596 2063 759 2133 apparent,
793 2045 847 2114 sed
870 2051 1003 2113 habentu

104 2165 205 2220 tamen
233 2160 262 2221 in
297 2161 391 2223 verbo
422 2160 605 2238 perfidem.
655 2160 781 2222 Nutahis
809 2165 911 2220 autem
939 2156 1004 2218 han

97 2260 316 2350 ''definitionem
337 2267 414 2343 legis
436 2267 603 2344 discipulos
624 2281 739 2343 pueros
761 2281 842 2325 esse.

171 2372 240 2456 ¹Qui
261 2372 353 2449 igitur
372 2380 443 2434 sunt
464 2381 550 2433 extra
575 2371 735 2442 Christum,
758 2387 820 2448 quo
841 2369 957 2431 diutius
980 2370 1004 2429 di

30 2477 32 2480 ⁴
54 2492 59 2502 ·
103 2482 250 2565 sounteo
272 2479 369 2555 magis
390 2477 467 2540 flunt
486 2476 648 2561 pueri**)‚
671 2493 732 2554 qun
747 2476 884 2537 sanctius
907 2477 1002 2536 vivun

103 2581 294 2658 eomajores
316 2581 388 2645 'su'nt
406 2572 595 2667 pensatores.
638 2582 689 2642 Sic
705 2580 875 2663 monachus
898 2589 1004 2642 centua

6 2720 15 2730 ,
104 2704 251 2751 annorum
274 2705 332 2750 non
355 2694 485 2750 est·tam
505 2689 649 2766 prudeus,
672 2694 705 2748 ut
727 2688 839 2762 cogitet
861 2695 1004 2749 tonsurae

97 2793 178 2854 -nthit
199 2801 350 2881 assueto.
374 2793 457 2879 ‚Non
480 2802 582 2856 autam
595 2793 778 2886 ‘simptieiten
798 2793 925 2854 damnat
948 2809 1004 2868 eng

2 2962 6 2967 .
104 2898 246 2962 nitione'm
268 2900 346 2976 tegis
370 2903 436 2974 (ast
457 2900 534 2961 enim
551 2901 633 2961 hona
655 2907 684 2960 et
705 2876 902 2960 neocessaria
925 2888 956 2958 in
980 2899 1005 2958 oi

105 3005 155 3066 viti
177 3003 355 3084 vita),'sed
378 3003 458 3066 hana
481 2986 771 3082 praesumptionem,
800 3005 882 3082 quod
912 3013 1004 3081 putat

104 3103 183 3170 eam·
200 3110 239 3170 ad
264 3088 412 3193 iustitiam
442 3109 589 3170 sutfiaere.
633 3111 684 3172 Sic
711 3117 781 3189 sunt
808 3112 909 3188 pueri,
940 3127 1004 3188 qun

24 3203 28 3212 ’
104 3214 236 3277 mundus
254 3206 371 3290 judicat
392 3216 622 3294 sanctissimos,
644 3201 799 3292 optimos,
816 3206 1004 3292 prudentiss:

104 3336 181 3390 mos,
204 3320 518 3397 sapientissimosetn.
547 3320 600 3381 Est
611 3328 711 3381 autem
723 3320 772 3381 hic
784 3322 845 3381 tata
857 3323 1004 3382 sententia

89 3424 187 3540 pund
208 3426 330 3489 illinon
353 3426 414 3487 sint
435 3427 609 3487 admittendi
633 3427 670 3486 ad
693 3442 817 3502 regnum
841 3425 963 3513 Christi.

78 3716 80 3725 ,
173 3665 200 3732 ⁰)
221 3663 337 3717 Infantes
363 3663 411 3720 auh
435 3663 497 3729 lege
520 3663 677 3732 paedagogo
703 3663 805 3716 vinum⁸
862 3663 925 3729 aa)
938 3663 1004 3719 pm

100 3767 169 3830 nunt,
188 3757 485 3832 qni-legapnadagogo
503 3760 631 3810 utuntur,
