2258 4170
76 208 85 219 ·
113 166 176 238 484
431 126 580 233 Enarrstio
597 128 711 232 uberior
743 258 746 263 ,
800 164 828 186 ”

202 353 254 415 Sic
275 351 368 429 igilur
387 369 509 431 expono
539 346 623 415 hunc
642 353 747 414 locum
771 346 938 411 secundum
956 348 1016 411 ltal-

117 458 248 546 {haeum
264 458 304 521 (le
326 460 557 536 compassione,
578 462 772 534 quamquam
793 454 884 514 eliam
907 451 943 513 (le
961 468 1037 529 pat-¹

115 565 204 626 sione
226 565 349 639 intelligi
373 565 481 642 possit
502 571 536 623 ut
556 561 698 622 interiora
715 560 885 630 declarant,
905 557 1017 621 Portabrl

64 682 84 720 s
113 649 304 747 iniquitatem
332 650 424 731 tuam.
466 667 583 744 Estque
611 665 692 726 haec
727 662 858 742 phrasis
886 663 915 723 in
939 664 1017 728 sactis

57 842 67 868 Ι
114 775 209 836 literis
243 774 398 852 frequens.
439 772 548 834 ludaei
585 769 765 847 depravant
795 767 882 831 bunc
914 771 1017 843 textum,

83 950 87 962 .
114 882 166 958 qui
196 887 290 940 tolum
313 878 373 943 hoc
395 886 488 955 caput
510 884 666 956 exponunt
679 856 1037 954 deupopuloeolleclina‘

33 1050 36 1061 ,
114 1003 175 1046 non
196 984 412 1045 individuale
433 999 494 1044 uno
518 984 568 1045 illu¹
585 960 721 1055 homine,
744 966 906 1044 salvatore
917 978 1015 1054 garelis

114 1089 250 1150 humani.
292 1087 434 1151 Observa
454 1096 556 1149 autem
578 1088 716 1164 singulas
740 1085 922 1165 particulas,
941 1089 968 1144 et
983 1085 1015 1145 vi·

116 1194 206 1254 debis
228 1210 288 1254 non
312 1186 384 1256 csse
398 1211 502 1255 verum
515 1201 546 1255 et
557 1168 720 1279 genuinum
738 1207 882 1254 sensum.
911 1188 1015 1266 Speraot

114 1275 233 1370 ludaei,
256 1301 338 1377 quod
351 1301 413 1360 siut
433 1300 523 1375 lulpri
537 1286 695 1381 sublimes,
717 1295 860 1370 exaltati,
882 1293 958 1366 clari,
976 1309 1013 1355 na

94 1420 187 1478 ,rum
203 1405 338 1466 nondum
371 1405 474 1468 adhuc
499 1407 611 1466 lactum
627 1411 702 1475 est,
736 1418 797 1464 nec
818 1401 875 1462 liet
894 1414 1013 1478 uuquam

197 1509 264 1575 Non
286 1512 367 1573 eninr
389 1519 460 1574 sunt
480 1509 638 1572 brachium
659 1507 799 1580 Domini,
831 1507 909 1597 item·
926 1505 1013 1582 virga

112 1602 176 1678 tur'n
205 1618 379 1681 ascendens
407 1618 436 1678 iu
466 1624 545 1678 terra
567 1615 689 1678 sitienti.
732 1614 814 1682 Sunt
837 1596 958 1688 quium
974 1610 1013 1673 ab

108 1721 181 1798 iecti
204 1730 237 1783 ct
256 1723 412 1805 desppcti.
440 1724 496 1785 sed
524 1730 624 1784 tumen
645 1719 786 1797 deipsis
810 1717 893 1780 haec
913 1717 1013 1794 intelligi

69 1844 72 1849 ·
114 1844 175 1907 non
198 1837 337 1905 possunt
359 1824 440 1906 qua'e
461 1828 522 1889 hoc
543 1829 612 1889 loco
634 1825 789 1904 propheta
803 1823 913 1909 incipit
928 1823 1031 1895 dicae·

46 1993 49 1998 .
110 1931 291 2008 Languores
312 1918 436 1997 uoslrns
457 1936 525 2024 ipse
543 1932 683 2011 portavit,
704 1932 777 1993 ilem
791 1931 889 2009 paulo
904 1928 1014 2001 interius

113 2037 277 2099 Peccatum
299 2057 360 2102 non
382 2041 465 2111 lecit,
496 2055 553 2101 nec
573 2038 664 2101 dolus
691 2039 840 2100 inventus
862 2033 1015 2098 estium

110 2141 195 2218 ejus3
218 2144 305 2217 ilem,
328 2145 386 2207 Pro
409 2144 690 2221 transgressoribus
712 2145 830 2215 oravit,
852 2147 885 2203 et
909 2147 1016 2219 peccata

12 2282 21 2291 -
110 2250 271 2310 multorum
306 2252 381 2315 tulit.
423 2251 571 2313 Diabolus
605 2248 840 2328 blasphemavit
877 2224 1016 2309 dominun

107 2361 245 2416 nostrum
267 2356 374 2418 lesum
396 2355 551 2418 Christum
573 2374 629 2434 per
649 2356 789 2418 ludaeos
811 2353 1015 2431 depravantes

94 2460 155 2550 ¹sic
176 2462 343 2538 scriptores
366 2462 456 2522 ctiam
488 2462 565 2523 inter
585 2461 787 2527 Christianos.
832 2459 919 2538 Lyra
940 2473 1017 2535 quen·

107 2566 177 2626 dam
215 2560 307 2630 'vocat
336 2567 506 2640 andream,
543 2569 594 2646 qui
613 2556 799 2644 judaisavit,
831 2574 865 2628 et
898 2563 1018 2627 Thomas

106 2671 264 2749 Aquinas,
285 2674 306 2733 ii
327 2676 419 2736 istum
441 2690 572 2761 servum
589 2675 733 2751 populum
755 2677 935 2755 exponunt·
950 2690 952 2695 ·
970 2669 1018 2731 Sel

106 2783 210 2839 textus
231 2797 293 2843 non
311 2787 418 2859 petest
438 2779 571 2856 intelligi,
593 2778 651 2839 nisi
673 2778 713 2840 ‹le
724 2793 786 2841 una
797 2778 942 2855 persona
952 2774 1020 2836 bles·

105 2882 180 2944 siae.
224 2884 276 2946 Sic
308 2885 465 2948 translatio
499 2883 677 2947 chaldaica.
698 2893 729 2946 et
765 2891 896 2945 veteres
925 2879 1021 2943 Rabiri

30 3007 34 3011 ²
107 2974 341 3066 adstipulantur.
835 3010 851 3027 *
973 3010 980 3021 ·
1014 3010 1018 3021 ·

186 3094 246 3155 Alii
267 3094 384 3173 lingunt
397 3095 477 3156 duos
491 3093 640 3167 Christos,
662 3111 754 3155 unum
778 3093 966 3172 gloriosum,
985 3094 1021 3154 al·
1047 3128 1050 3133 -

57 3206 63 3221 ‘
104 3207 200 3260 terum
224 3199 418 3273 humilatum,
448 3201 552 3262 dicunt
574 3218 657 3269 eum,
680 3186 773 3277 qucr'n
790 3199 862 3262 hoc
884 3201 957 3262 loco
978 3199 1023 3260 de·

76 3305 210 3367 scribit
237 3304 364 3380 Esaias,
403 3305 628 3383 intelligendum
664 3322 736 3367 esse
769 3321 827 3395 pro
845 3304 1023 3376 ¹humiliato,

8 3459 12 3464 .
104 3410 156 3488 qui
177 3410 208 3470 in
229 3412 418 3489 urbaltoma
438 3413 539 3484 laleal,
561 3417 675 3488 elagal
696 3409 936 3489 poeniteutiam.
959 3408 1022 3470 ,alti

70 3497 79 3529 '
102 3524 258 3594 exponunt
280 3517 440 3581 collective
460 3517 499 3579 de
528 3523 600 3579 toto
622 3518 737 3595 populo
757 3515 970 3590 ludaeorum,
995 3521 1022 3577 ul

101 3638 185 3698 nuuc
202 3630 260 3696 cst,
282 3623 372 3701 quasi
394 3624 567 3688 sitservus
589 3630 783 3702 contemptus
803 3623 1021 3703 etdespcctue,

63 3728 156 3791 ·secl
206 3728 398 3811 impudenter
440 3728 641 3799 mentiuntur:
672 3728 819 3810 Ipsorum
858 3730 1019 3816 principes,

6 3902 52 3956 h
