2258 4170
116 31 213 85 ,χ’

350 166 549 284 *lacius
659 125 747 243 ,Ι
872 126 1017 240 ”281

83 360 153 428 atria
182 359 386 423 studiia‘non
413 359 539 438 indiget,
563 359 632 424 'aad
661 359 819 439 proximus
845 366 950 422 uoatcr

85 483 124 531 ua
148 453 252 529 no'atro
278 466 425 529 beneflcio
451 466 559 540 habat,
586 483 646 530 non
673 468 765 529 Deus.
808 464 893 541 Quod
922 463 950 524 ai

83 587 255 643 noscamus,
275 588 333 634 nou
355 572 490 660 amnica
511 572 576 636 Deo
598 573 766 651 accepisse,
787 579 817 632 ct
837 574 867 631 in
889 569 953 646 sig·

83 695 115 753 gn
143 678 223 739 iltius
259 679 420 755 agnitionis
454 678 609 741 secundae
635 678 758 739 tabulae
790 670 956 754 praecepta

83 786 198 862 fiamus,
219 790 253 845 ut
270 773 478 860 obs'cquamur
497 772 682 862 parentibua,
703 799 763 845 nou
778 781 955 844 occidamus

83 912 114 959 :.‚
144 898 215 951 tunc
236 889 300 950 Deo
331 888 422 949 ctiam
450 890 609 951 iavisaima
636 888 667 949 in
695 888 830 966 spacium
858 890 977 964 opera¹
1045 891 1049 907 ²

83 1003 163 1072 nptcr
185 996 313 1072 primum
335 1002 532 1072 pracceptum
555 997 683 1072 placant.

126 1100 187 1161 Sed
201 1100 231 1161 id
244 1099 352 1160 iudaei
365 1116 426 1162 non
442 1100 602 1176 iaciebant,
623 1101 724 1185 nuilus
743 1099 773 1160 in
794 1095 840 1160 cia
851 1094 958 1174 timor,
1037 1138 1040 1145 ·

83 1207 127 1267 uta
145 1206 258 1267 fiducia
278 1206 308 1266 iu
332 1207 426 1267 Deum
448 1214 528 1278 crat,
550 1214 580 1268 et
601 1215 701 1267 tamen
722 1220 778 1282 pro
799 1203 958 1266 sacrificiis

83 1313 111 1372 ‚is
129 1318 159 1371 ct
179 1311 248 1372 aliia
269 1310 402 1373 cultibus
424 1311 566 1373 volebant
582 1311 752 1387 justificari.

127 1415 331 1493 Reprehendit
356 1416 445 1492 igitur
471 1433 526 1478 cos
548 1425 578 1478 et
599 1418 741 1494 abrogat,
773 1418 834 1476 imo
856 1414 984 1502 abjicit

83 1537 198 1585 nmmum
229 1520 405 1597 religionem
434 1537 508 1583 use
529 1523 733 1584 constitutam.
774 1521 867 1582 Porro
889 1519 963 1598 quia
1049 1540 1053 1544 ¹

83 1645 102 1689 ‚c
131 1627 273 1704 tempium
296 1628 458 1689 cicuitum
479 1627 639 1689 Judaicum
660 1625 814 1705 repudiat,
848 1627 962 1686 ciarum

83 1731 181 1795 tt‘eum
203 1747 355 1793 summam
373 1730 520 1808 iustitiam
542 1739 572 1793 ct
593 1734 756 1794 maximam
776 1729 961 1818 religionem,

83 1854 110 1897 ua
126 1844 255 1914 papatus
272 1822 377 1898 nititur
396 1818 497 1909 hodie,
526 1838 614 1901 simul
636 1838 791 1901 damnare.
824 1837 857 1899 Si
879 1838 958 1898 onim

83 1941 192 2004 crificia
234 1932 381 2005 divinitus
420 1943 555 2006 instituta
587 1961 646 2005 nou
680 1943 888 2020 justificabant
915 1944 960 2004 'ex

83 2062 140 2124 acra
154 2055 289 2124 operato,
312 2042 350 2109 aii
371 2065 431 2110 oon
452 2056 589 2111 extrema
609 2050 735 2112 stultitia
756 2056 811 2122 ast.
833 2040 972 2126 operare*

85 2150 184 2213 otitiam
208 2153 415 2230 exoperibus
436 2144 584 2228 clectitiia,
604 2155 671 2216 aino
692 2154 787 2217 verbo
809 2155 875 2228 not,
896 2154 957 2216 imo

83 2261 146 2328 »ntra
166 2255 293 2318 verbum
314 2256 370 2320 Dai
391 2258 555 2322 institutis?

247 2409 253 2434 ¹
277 2423 379 2498 Quae
401 2433 460 2488 est
481 2425 558 2487 ista
581 2426 726 2489 domui.
798 2408 803 2418 ¹

126 2549 219 2624 Quasi
254 2550 351 2612 dicat:
393 2551 458 2630 Ego
491 2555 562 2617 voto
593 2553 733 2617 habitare
762 2555 792 2616 iu
815 2554 958 2617 cordibus
1038 2524 1041 2534 ἱ

84 2652 217 2732 stris*),
252 2674 309 2719 voa
337 2665 437 2720 autem
466 2676 515 2721 mc
542 2661 655 2738 putatia
685 2660 761 2722 inter
787 2676 865 2722 saxa
886 2677 959 2725 cou-

83 2757 119 2816 idi
149 2776 252 2835 pocae.
296 2762 398 2827 Sicin
420 2766 532 2843 tempto
550 2765 688 2828 habitura
709 2767 795 2839 voto,
816 2773 850 2828 ut
869 2767 960 2829 simut
1060 2754 1062 2759 ’

99 2865 247 2927 cordibus
270 2865 411 2929 habitem.
453 2869 516 2930 ium
538 2885 606 2933 cum
629 2887 678 2933 mo
698 2872 882 2933 acordibus
903 2870 959 2946 cji-
1056 2868 1059 2873 '

83 2965 146 3043 tis,
178 2973 248 3034 noto
277 2989 404 3051 quoquo
423 2973 452 3034 in
485 2977 598 3053 tempto
619 2976 766 3039 habitare.
807 2978 855 3040 Ad
876 2976 957 3038 hunc

83 3071 167 3136 dum
199 3081 324 3140 sanctus
347 3075 585 3179 Stephanus**)
609 3098 733 3161 quoquc
754 3080 835 3144 hunc
855 3083 955 3173 iocum
1034 3168 1038 3181 .

83 3187 158 3243 ctat.

185 3345 318 3409 Omnia
340 3349 438 3412 hacc
459 3337 591 3412 manus
614 3368 694 3413 maa
715 3352 817 3415 iecit.

130 3471 176 3534 Sic
196 3473 269 3534 dicit
291 3476 329 3535 ad
353 3477 549 3549 monachum,
577 3479 628 3571 qui
650 3477 770 3541 inflatur
790 3481 856 3543 suia
877 3480 956 3559 vigi-

83 3619 96 3644 ,
126 3575 253 3653 jeiuniis,
276 3581 491 3647 cantitataetc.
528 3583 615 3646 Unda
637 3601 754 3677 quaem
775 3585 874 3648 habea
894 3585 955 3648 hoc

83 3694 249 3712 Μ

114 3741 145 3807 ⁸)
163 3741 218 3796 Voa
236 3690 362 3812 ieiunium
372 3742 420 3798 Dei
440 3745 511 3799 antia.
522 3745 547 3800 1.
569 3744 684 3802 Corinth.
702 3745 729 3802 θ.
765 3749 818 3818 ”i
833 3751 907 3809 aaa.
926 3737 969 3807 ies
