2258 4170
88 121 90 127 Ι
113 156 192 235 380'
221 146 225 150 ι
436 171 578 259 Enarratio
599 170 711 236 uberior
785 226 789 236 .

5 377 13 387 ,
113 336 334 429 gesturi-sunt,-
361 367 421 412 non
442 352 502 412 iaie
524 350 650 422 beilum,
672 352 763 430 quale
786 351 863 435 gerit
884 351 1018 415 mundus.

11 507 20 529 ,
112 456 274 530 Christiani
287 438 436 518 enimnon
459 455 907 533 belligeranturmoremnndi
929 455 1018 547 hpstis

112 580 149 625 ac
170 564 263 632 ferro,
286 578 369 624 arma
394 562 517 635 militiae
539 570 675 634 nostrae,
696 561 796 638 inquit
815 558 944 633 Paulus,
966 579 1018 637 pun

112 670 350 739 summanalia,
380 669 437 731 sad
459 667 693 746 potentianae,
718 667 746 726 ii
767 666 837 730 Gor.
861 663 917 740 10,
938 665 1021 730 acuta

83 843 86 853 ¹
110 775 295 852 etvpoteutia
311 780 400 845 sunt,
431 774 540 850 iuquit,
555 772 559 779 '
573 790 634 835 uun
655 772 755 846 cumi,
785 773 842 836 sed
863 772 940 835 Deo.
980 775 1024 836 Au

111 878 205 958 quidt
236 880 266 941 in
288 895 380 957 quem
403 880 515 940 usum?
555 877 603 940 Ad
625 878 864 941 destructionem
885 878 1019 942 munitio

112 1001 198 1057 num,
231 985 345 1062 quibus
374 985 466 1046 minis
494 984 621 1047 consiliu
648 984 846 1046 destruuntur
872 992 903 1046 et
929 985 1020 1047 omnis

110 1091 281 1162 cctsitcoo,
296 1102 376 1167 quae
396 1090 548 1152 extoliitur
564 1090 716 1177 adversus
736 1088 943 1167 cognitionem
963 1090 1019 1151 Dei.

109 1195 194 1255 Hace
225 1202 273 1256 est
298 1195 364 1268 ¹aiia
397 1200 513 1271 pugna,
548 1212 651 1273 qnam.
667 1193 784 1259 muud'u
825 1196 912 1257 Haec
942 1210 1020 1256 arma

109 1308 290 1378 expugnant
300 1306 422 1362 ornnem
443 1299 601 1362 scientiam
623 1300 866 1380 cisapientiam,
887 1317 970 1378 quae
991 1318 1020 1362 se

109 1406 237 1484 opponit
269 1405 438 1482 sapientiae
468 1414 498 1467 et
530 1408 692 1483 cognitioni
725 1407 788 1468 Dei.
837 1407 894 1468 His
935 1407 1020 1468 armis

108 1509 261 1593 pugnatur
289 1519 407 1572 centra*
422 1511 603 1588 sapientiam
624 1513 716 1589 tegis,
751 1521 858 1576 eontra
876 1512 1021 1590 Justitiem

74 1653 77 1657 .
108 1618 200 1694 tegis,
230 1614 326 1687 immo
343 1624 457 1681 ,contra
470 1616 632 1693 iustitium
654 1618 747 1681 totius
768 1618 854 1682 orbis
875 1625 1021 1680 temanum

109 1723 139 1783 in
160 1722 337 1785 moralitas
366 1734 378 1755 ··
427 1718 433 1741 ’
480 1759 486 1765 -
589 1754 592 1765 ·
879 1734 881 1739 ·
928 1728 932 1733 ’
991 1746 994 1751 ·

191 1828 269 1890 Sunt
290 1843 364 1904 crgo
385 1836 491 1891 nostra
512 1844 597 1891 arma
616 1828 794 1906 spiritualia,
816 1829 933 1917 quibus
955 1845 1023 1892 con·

109 1941 155 1997 tra
182 1938 356 2012 peccatum,
372 1942 496 1997 aconem
525 1934 913 2013 cornuumaueniens
936 1952 1023 2002 acuu-

108 2041 267 2112 sationem,
289 2047 395 2102 contra
411 2041 563 2118 nequitias
575 2041 753 2118 ,spirituales
773 2021 1022 2117 intensissimus,

72 2224 79 2243 Ι
110 2155 214 2208 contra
226 2155 361 2208 rectores
376 2147 569 2208 tenebrarum
591 2163 770 2225 pugnamus.
802 2146 1022 2226 Expugnantis

109 2252 432 2314 ctiametdemolinaur
447 2252 630 2314 munitiones
652 2252 774 2329 diaboli,
796 2255 923 2331 quanm
946 2254 1022 2316 occi-

42 2378 48 2388 ’
109 2356 209 2420 dimus
221 2357 417 2434 spiritualiter
437 2355 588 2431 homines,
608 2358 637 2418 in
660 2360 759 2420 camis
777 2358 903 2434 justitia.
921 2360 1022 2421 vireu

108 2470 169 2534 tes,
201 2462 324 2541 quando
356 2462 486 2524 miseros
515 2464 657 2540 peccatis·
680 2469 710 2525 et
729 2464 864 2526 tenebris
886 2465 1020 2537 obrutos

107 2571 190 2631 velut
217 2568 286 2629 vino
315 2583 486 2657 somnoque
518 2569 671 2645 sepultos,
706 2569 886 2643 liberamus,
933 2578 963 2632 et
982 2572 1018 2632 ad

105 2675 187 2735 vitae
199 2674 354 2735 meliorem
367 2672 483 2748 frugem
506 2688 543 2733 ac
562 2666 802 2751 resipiscentiam
824 2664 1015 2748 revocamus,

106 2778 136 2840 in
149 2778 228 2842 viam
250 2774 434 2847 reducimus,
456 2759 652 2840 coelestiilia
673 2780 822 2858 sapientie
843 2781 1019 2854 imbuimus,

107 2883 146 2946 ad
174 2883 375 2959 cognitionem
406 2883 542 2945 veritatis
563 2883 771 2961 perducimus,
793 2876 837 2950 ut
858 2887 1018 2957 nobiscum

107 2987 273 3067 glorificent
289 2995 321 3050 et
341 2987 540 3051 confiteantur
561 2988 654 3052 filium
668 2991 756 3052 ilium
769 2993 832 3054 -Dei
851 2990 943 3054 nobis
966 2993 1020 3085 dag

105 3101 217 3156 tum-et
239 3095 400 3173 parvulum
420 3094 509 3156 nobis
530 3097 810 3168 commentantem
831 3095 916 3160 ilium
938 3115 1019 3172 mor·

104 3199 159 3272 tis,
181 3200 314 3276 peccati,
336 3199 422 3274 tegis,
444 3199 559 3260 iniemi
573 3208 603 3261 ct
623 3200 744 3275 diaboli,
764 3201 899 3265 hostium
921 3203 1018 3266 horri-

20 3310 22 3316 ’
104 3305 210 3385 pilium
237 3311 268 3365 ct
286 3305 526 3366 teterrimarum„
548 3302 633 3368 Haeo
654 3306 845 3398 suauissima·
855 3315 892 3368 et³
907 3309 1017 3385 glorio·

105 3404 228 3472 sissima
252 3424 357 3486 pugna
378 3417 432 3482 est,
453 3411 535 3472 citra*
548 3427 632 3477 arma
646 3413 831 3490 ,corporalia
853 3413 929 3476 eitra
954 3417 1018 3476 vul·

13 3572 23 3595 „
79 3574 82 3579 ,
104 3514 295 3576 nera“aiieno
312 3515 418 3576 labore
439 3523 468 3576 et
490 3517 624 3593 periculo
647 3517 776 3589 vincere,
798 3519 1035 3605 victoriamque

21 3648 49 3666 π
102 3619 287 3682 iucmentam
310 3620 459 3683 detentis
480 3614 623 3685 hostibus
644 3610 865 3704 reportare.'·÷3·
892 3646 917 3666 ··
964 3646 968 3657 ¹

146 3768 154 3809 ·.-
187 3723 315 3787 Gladius
327 3728 494 3807 corporatis
515 3728 624 3790 ocum·
642 3728 783 3804 mortam,
805 3729 964 3797 diaboium
984 3740 1015 3796 et
