2258 4170
284 249 287 259 ,
394 246 398 251 .
459 189 571 249 'Esaiae
604 175 625 273 Ἰ
865 252 870 265 ,
936 180 978 248 θῖ

68 377 112 430 trts
127 362 305 450 sanctus*)
330 367 491 459 ecclesiam
514 366 668 439 describit,
690 366 773 446 quod
796 366 835 445 sit
858 365 979 434 sterilis,

67 490 119 535 oon
140 473 281 551 pariens,
309 474 470 544 translata,
500 471 626 550 ejecta,
645 473 805 542 destituta,
835 472 901 533 sola
923 470 997 545 elo,

65 577 222 654 Exponunt
243 577 324 639 enim
345 578 457 639 taciem·
477 579 638 641 ecclesiae.
659 555 729 640 ,Sed
753 568 823 639 mim
840 576 911 653 ideo
925 575 979 664 ‘¹⁰7
1026 636 1028 641 ,
1110 589 1113 597 ’

64 683 272 765 sperandum?
314 683 390 745 Non.
434 660 579 763 Sequitur
600 685 689 756 enim,
711 683 980 774 quadrimestre..

10 774 12 783 ’
61 789 122 849 rilis
144 776 314 857 admiratur
338 776 702 851 nunterosam‘sobole‘m.
745 789 796 849 Sic
819 789 901 850 Dens
924 776 980 864 po·

62 902 129 955 tens
142 901 193 955 est
214 894 290 956 dare
310 913 405 972 supra
427 911 519 973 quani
541 896 744 972 intelligimus,
767 896 846 957 sicut
866 895 979 956 Paulus
1026 975 1030 980 ,

60 999 132 1061 dicit
144 997 214 1075 **).
264 1001 317 1062 Sic
346 1018 414 1061 cum
444 990 582 1074 ecclesia
604 990 732 1062 sollicito
769 1018 824 1081 pro
852 999 978 1061 ludaeis

58 1114 153 1178 esset,
177 1094 269 1168 etiam
282 1114 390 1182 gentes
413 1115 485 1189 sunt
505 1106 635 1180 additae,
657 1110 689 1169 et
706 1122 744 1167 ex
757 1093 882 1168 ludaeis
905 1106 980 1167 meri
1030 1118 1035 1129 ·

59 1212 195 1289 apostoli
209 1216 241 1274 et
258 1211 354 1273 duces
368 1211 519 1288 ecclesiae
532 1213 603 1275 lacti
614 1221 694 1274 sunt.
715 1210 797 1274 idern
820 1208 979 1274 nobiscum
1011 1259 1014 1263 .

61 1316 189 1378 accidet
233 1317 367 1392 Sanguis
395 1305 495 1380 iratris
518 1318 638 1417 Henrici
662 1317 921 1395 Zudplraniensis,
949 1325 980 1378 et
1022 1333 1032 1354 ⁸

62 1421 235 1484 Leonhardi
257 1423 373 1487 Kesers
397 1431 426 1486 et
458 1425 585 1486 aliorum
616 1433 808 1498 sanctorum,
838 1422 979 1486 simodo
1019 1475 1024 1480 .
1103 1428 1108 1447 ·

62 1528 91 1589 in
105 1527 209 1591 serbo
231 1530 501 1617 permanserimus,
525 1512 670 1591 excitabit
692 1530 852 1607 copiosum
873 1544 979 1590 semen
1073 1558 1077 1569 ·

10 1624 13 1631 '
66 1633 259 1695 credentium.
289 1635 373 1696 llaec
385 1635 462 1696 enim
476 1645 523 1698 est
535 1633 631 1696 torma
654 1634 871 1712 propagandae
882 1636 981 1696 eccle·
1043 1676 1047 1683 -

10 1786 13 1813 ,
68 1741 145 1812 siae,
168 1758 228 1802 non
245 1733 480 1825 multiplicatur,
502 1743 559 1802 nisi
574 1742 629 1803 'sit
650 1741 762 1804 sterilis
785 1747 815 1801 et
836 1741 980 1811 solitaria,

10 1846 24 1935 f,-
70 1853 217 1907 econtra
245 1847 415 1908 adversarii
443 1854 473 1908 et
502 1827 647 1908 haeretici
670 1864 728 1908 non
741 1847 836 1924 prius
871 1846 981 1907 exstir·

26 2010 29 2015 .
70 1958 190 2028 paritur,
224 1969 318 2031 quam
352 1961 441 2014 antea
463 1953 651 2030 multiplicati
680 1952 739 2014 sint
767 1959 798 2013 et
824 1953 980 2013 creverint.
1000 1992 1008 2030 .,

69 2054 118 2118 Est
139 2056 270 2131 insignis
291 2041 462 2121 consolatio
485 2076 539 2136 pro
560 2044 665 2121 nostro
686 2067 832 2136 tempore.

40 2251 42 2255 ’
112 2243 215 2306 Ecce
237 2244 379 2306 levabo
402 2246 450 2308 ad
472 2255 618 2322 gentes
641 2222 789 2307 manum
811 2240 939 2323 meam.

144 2373 329 2449 Respondet
364 2352 493 2452 spiritus*
521 2381 647 2463 sanctus
682 2374 721 2435 ad
743 2374 822 2435 illam
850 2376 980 2439 laturam

63 2478 217 2543 ecclesiae
242 2477 481 2567 admirationem.
504 2480 580 2556 Quia
602 2482 681 2541 enim
697 2481 827 2555 ccclesia
849 2482 980 2542 laturum

10 2578 13 2619 ;
61 2600 249 2647 successum
271 2601 330 2644 non
346 2584 437 2658 videt,
458 2566 644 2662 ideo'otjicit
659 2593 850 2662 praesentem
872 2587 979 2647 taciem

58 2705 173 2760 rerum,
196 2691 288 2767 quasi
310 2689 406 2750 dicat:
433 2689 585 2752 Promittis
607 2691 729 2769 quidem
752 2687 911 2768 ma'gnilice
933 2707 981 2752 me

58 2795 246 2866 foecundam
268 2796 406 2867 loturam,
428 2797 484 2858 sed
505 2798 687 2858 contrarium
711 2797 801 2858 video
823 2806 853 2858 et
875 2798 983 2870 sentin,

59 2900 194 2962 ostende
216 2900 308 2976 igitur
330 2901 424 2976 digito
447 2901 527 2963 filios
545 2910 574 2964 et
596 2904 704 2964 tratres
726 2919 821 2964 meos.
844 2903 984 2980 Respon·
1062 2892 1065 2899 ’

10 3005 112 3077 [ἀοι
145 3001 237 3080 igitur'
265 2992 391 3094 spiritus
420 3015 556 3070 sanctus.
599 3007 686 3080 Scio,
721 3000 833 3086 inquit,
860 3016 890 3070 te
922 3025 980 3068 noo

60 3110 170 3171 videre
192 3108 273 3172 lilios
301 3119 385 3182 tuns,
416 3129 496 3190 quos
526 3113 677 3190 promitto.
722 3114 834 3174 Verum
858 3113 929 3173 nihil
952 3113 980 3174 id

60 3222 90 3276 te
112 3227 247 3289 moveat,
270 3206 376 3277 labora
393 3223 425 3278 tu
439 3217 466 3276 in
480 3224 576 3294 partit,
597 3233 706 3280 exerce
720 3220 855 3289 verbum,
878 3227 983 3296 patere
1012 3259 1017 3279 2

61 3320 90 3382 in
111 3320 184 3394 fide,
208 3329 238 3381 et
259 3331 407 3411 exspecta
430 3339 487 3384 me.
509 3321 574 3400 Ego
595 3314 675 3386 eninr
691 3331 721 3387 te
742 3325 931 3403 properabo,
954 3334 984 3387 et

62 3426 192 3489 verbum
216 3428 273 3511 erit
293 3425 368 3521 milri
390 3445 447 3491 ceu
479 3429 638 3504 vexillum,
670 3429 708 3511 ed
731 3430 816 3511 quod
842 3430 983 3508 colligam

59 3530 141 3595 lilios
164 3539 237 3595 tuos
260 3540 317 3598 etc.
424 3534 428 3553 ¹

41 3670 275 3695 Ι*

133 3747 164 3812 *)
185 3742 328 3813 Prophetis
346 3745 382 3797 de
396 3708 590 3819 propagatione
608 3728 750 3802 eccleciae.
788 3743 834 3816 “l
853 3741 937 3820 Ephe.
957 3743 983 3802 3.

72 3835 171 3876 haeder!
185 3833 242 3886 opp.
257 3845 319 3889 mg.
341 3834 390 3878 Vol.
406 3836 488 3882 XXIII.
754 3832 776 3907 ἶ
