2258 4170
10 3556 14 3596 i

223 179 226 183 ’
318 132 668 268 vastatura.
746 180 748 185 ’
918 150 981 253 stt
1069 218 1073 225 ·

51 373 157 451 taret,
179 377 212 432 ut
233 367 271 429 ad
294 361 459 448 scabellum
483 368 594 446 pedum
617 369 715 445 ipsius
733 368 854 430 sederet
875 368 904 429 et
924 353 982 428 ‘nri-

67 476 216 538 nistraret
236 477 308 535 itti*
420 495 421 499 ¹

153 580 226 641 Taie
247 588 295 641 est
310 574 442 655 'regnam
467 578 593 654 christi3
616 578 767 658 siquidem
781 584 902 656 propter
924 593 982 639 nos
1061 659 1064 663 ⁴

66 686 170 747 iactus
191 692 239 746 est
253 700 363 756 serras
379 684 542 745 humanam
566 691 703 744 naturam
718 699 889 753 assumens,
910 677 983 744 das'-
1024 704 1028 709 ·
1067 682 1069 689 ’

67 790 170 852 cendit
191 790 230 850 ad
253 788 372 851 iiriimas
395 798 496 867 partes
520 798 625 860 terrae,
650 796 680 850 st
700 805 819 849 rursum
842 785 981 849 ascendit

68 911 101 957 rs
128 894 211 972 ipsa,
246 901 356 972 postea
383 896 475 956 stiam
506 894 713 965 santissimae,
749 892 984 971 praedieatione,
1013 895 1017 901 ’

56 1001 166 1071 tande,
188 1000 407 1071 benedictione,
429 1000 523 1074 gioria
538 1000 731 1076 sempiterna.
762 997 892 1059 Primum
907 1013 981 1081 sagq

66 1106 162 1175 disce,
185 1105 284 1182 qualis
307 1106 347 1166 sit
367 1118 435 1175 rex,
459 1112 492 1165 ut
513 1105 662 1181 inteiligas
684 1120 809 1180 regnum
832 1100 899 1193 ejus
922 1119 981 1164 aon

65 1209 235 1271 consistere
256 1209 421 1286 inopibus,
446 1210 604 1287 sapientia,
628 1211 761 1285 potentia
780 1192 901 1278 carnali,
924 1223 981 1270 nee
1069 1226 1079 1247 '-

64 1316 124 1376 utia
146 1330 179 1376 re
201 1302 378 1385 mundana,
411 1315 465 1376 sed
494 1331 567 1376 esse
594 1330 719 1389 regnum
752 1313 819 1394 ejas
848 1294 979 1385 verb'aie,

64 1419 240 1491 doctrinale,
262 1420 433 1497 spirituale,
456 1430 628 1491 aeternum,
649 1420 735 1498 quod
757 1419 863 1502 liberat
885 1435 903 1478 a
926 1433 980 1495 po·

61 1532 173 1587 testate
194 1524 322 1597 diaboii,
356 1541 375 1585 a
397 1532 540 1602 peceato,
564 1541 582 1584 a
604 1532 700 1586 morte
722 1530 752 1585 et
774 1523 813 1584 ab
834 1522 978 1584 omnibus

61 1630 161 1691 malis.

58 1808 275 1896 Propterea
298 1786 701 1903 os'tup'ueruntsapsr
722 1825 758 1878 ta
779 1816 899 1888 multi,
920 1815 979 1877 sia
1085 1870 1089 1881 .

58 1922 260 1999 inglorius
297 1923 369 1984 erit
398 1923 497 1983 inter
531 1918 978 2013 viros‘a‘sppetusajus

56 2036 95 2088 at
115 2029 236 2089 torma
263 2025 350 2102 ejus
383 2029 486 2088 inter
507 2028 619 2089 iiiios
643 2027 845 2100 hominum.
889 2026 979 2103 lpse

56 2138 247 2209 asperget
269 2139 406 2208 gentes
428 2134 579 2204 multas,
600 2130 870 2209 super'ipsum
892 2147 979 2192 con·
1077 2174 1081 2187 .

261 2237 577 2313 tiaebuntregss
599 2253 642 2303 os
665 2252 785 2298 suum.
829 2284 849 2305 „
968 2284 970 2303 .

142 2365 313 2442 Descripsit
341 2364 496 2427 doctorem
520 2375 548 2426 et
580 2365 802 2442 tegminum,
831 2364 913 2440 quod
936 2365 979 2425 sit

58 2452 204 2533 sublimis
226 2477 257 2531 et
277 2471 415 2531 clavatus
436 2469 465 2530 in
494 2477 648 2532 aeternum
668 2468 772 2541 vaide,
805 2470 857 2548 qui
870 2466 979 2530 ‘a'dmi-

58 2577 170 2638 nistret
192 2576 286 2637 verbo
317 2585 459 2650 regnum,
489 2584 521 2635 ut
542 2591 615 2651 ergo
638 2577 738 2652 coepit
764 2591 836 2637 esse
857 2576 974 2647 (tortor,

59 2681 102 2742 ita
124 2688 227 2742 manat
256 2680 326 2757 ipse
347 2682 449 2751 sotus,
483 2681 573 2742 sicuti
594 2679 698 2741 Matth.
719 2677 771 2742 23.
793 2680 849 2769 ιιίῑ,Δ
879 2680 977 2742 Nolite
1080 2680 1085 2693 “

58 2785 127 2846 fieri
151 2786 304 2861 magistri,
330 2787 401 2865 quia
423 2802 502 2847 unus
525 2794 573 2847 est
593 2786 738 2862 magister
760 2794 877 2859 vester3
898 2799 979 2846 nune

57 2891 152 2968 igitur
172 2891 317 2952 describit
338 2891 428 2951 etiarn
450 2892 539 2952 istius
561 2891 643 2952 servi
665 2891 857 2967 inteiiigentis
876 2892 977 2962 vitam,

61 3013 133 3058 aum
156 2996 237 3069 dicit,
259 2993 485 3073 obstupescent
506 2997 598 3069 matti,
620 2996 680 3060 iasa
695 2980 986 3073 proprispro'pirata

62 3101 245 3165 vaticinatus
278 3107 327 3162 est
364 3101 402 3162 de
436 3102 623 3173 ludaeorum
658 3104 813 3174 caecitate.
855 3098 977 3178 Inspice
1039 3135 1042 3145 ·

61 3206 142 3269 enim
163 3223 224 3268 non
247 3207 347 3268 sotum
369 3208 547 3282 passionem
569 3206 694 3278 christi,
725 3206 782 3268 ssd
811 3207 902 3267 etiam
925 3222 977 3268 ac·

61 3314 184 3384 tionem,
207 3312 351 3374 miracuta
372 3312 450 3386 ejus,
473 3326 511 3372 an
533 3328 592 3372 non
613 3319 676 3372 tota
698 3294 977 3388 ejus'conversatio

62 3424 113 3480 est
132 3417 161 3478 ia
176 3400 307 3480 'summa
325 3415 508 3488 humilitate,
531 3424 709 3493 paupertate
732 3424 761 3477 et
784 3414 999 3505 contemptui
1060 3460 1063 3465 -

141 3520 218 3592 ida'o
252 3537 313 3583 non
349 3509 553 3597 agnoverant·
571 3537 640 3582 sum
674 3536 747 3582 esse
783 3537 886 3598 ragam
923 3530 975 3583 aat

61 3627 220 3690 Messiam.
261 3615 307 3687 ita
335 3626 465 3703 apostoli
489 3622 548 3688 nori
577 3624 790 3701 judicaverunt
816 3643 884 3688 eum
906 3643 976 3702 reg·
1060 3680 1061 3684 ,

59 3737 200 3793 naturum
223 3746 281 3810 par
302 3732 438 3819 rathum,
459 3731 515 3793 sad
531 3740 693 3809 sperarunt
709 3747 777 3794 eum
800 3732 974 3801 restiturum
