2258 4170
440 112 507 189 Cep.
529 107 560 187 9.
580 111 689 172 Rosiae
957 106 1020 174 317

132 292 313 362 ambulantem
350 298 400 353 est
432 291 645 354 illuminatura.
693 291 743 351 Ac·
770 305 829 352 vos
862 289 940 353 estis
970 289 1020 353 llle

130 408 182 484 ipss
199 398 252 460 Dei
275 397 422 475 populus,
456 396 546 459 vobis
573 398 673 459 tactae
699 403 771 462 sunt
792 395 1021 474 promissiones,

130 507 200 572 vobis
219 505 302 565 lacta
324 503 363 563 de
390 500 451 563 hnc
481 503 549 563 luce
570 518 657 580 spes.
699 501 761 562 Sed
788 503 840 562 lux
867 501 918 564 illa
944 496 1020 565 non·

68 684 71 689 ¹
127 616 185 677 lum
204 608 399 670 manilestata
418 615 480 679 est,
514 607 640 685 spiritus
662 611 789 685 sauctus
810 606 951 669 nondum·
967 608 1022 672 da·

49 737 73 791 ³.
126 728 178 791 tus,
194 716 245 778 lux
265 729 341 790 ergo
362 713 497 774 nondum
518 720 584 775 orta
603 718 666 785 est,
687 712 743 774 sed
765 712 886 776 orietur.

67 798 73 805 ’
192 819 302 882 Lucem
325 825 428 883 autem
452 825 542 880 vocat
554 819 756 895 cognitionem
767 816 914 894 justitiae,
935 821 1021 896 pacis

123 928 194 1006 regni
222 925 349 988 aeterni.
390 925 457 986 Hac
485 925 555 986 luce
580 929 698 985 mentes
718 930 840 985 nostras
862 923 1019 988 illuminari

65 1112 69 1119 ἱ
124 1047 238 1095 necesse
262 1038 319 1092 est.
363 1029 397 1090 Si
428 1028 509 1090 banc
540 1029 579 1090 de
602 1026 737 1101 Christo,
769 1029 808 1090 dc
826 1028 944 1105 justitia
970 1031 1022 1093 ills

75 1186 78 1195 ,
121 1145 245 1208 solemn,
279 1135 489 1211 omnibusque
522 1132 590 1210 ejus
623 1134 696 1194 mihi
736 1134 830 1212 partis
864 1134 1020 1200 beneflciis

121 1241 321 1320 cognitionem,
343 1257 400 1304 seu
421 1239 611 1302 hancluccm
626 1256 686 1302 uon
699 1239 810 1312 habeo,
831 1254 893 1315 qua
914 1259 1021 1306 omncs

118 1348 206 1410 sancti
225 1347 357 1426 praediti
377 1339 463 1418 bunt,
492 1353 555 1407 tum
577 1344 650 1406 nihil
671 1354 814 1423 superest
834 1349 917 1426 spei,
935 1350 1020 1413 mihil

117 1452 221 1516 istola
242 1470 344 1516 rerum
357 1451 564 1514 universitate
586 1452 690 1514 auxilii
711 1459 764 1515 aut
783 1453 924 1526 remedii,
955 1461 1018 1518 tum

112 1556 149 1622 is
162 1560 265 1621 mortis
287 1559 365 1621 hora
383 1566 416 1620 et
436 1573 537 1634 agone
557 1558 608 1619 illo
630 1564 767 1620 exuemo
782 1557 863 1634 nibil,
886 1578 948 1639 quo
969 1580 1019 1625 me

106 1666 262 1739 'conantem
292 1663 410 1739 habeo,
440 1671 505 1726 tum
532 1664 571 1724 de
598 1663 697 1724 salute
719 1665 943 1748 desperandum
964 1668 1020 1731 erit

113 1770 190 1844 milti,
206 1788 272 1835 nou
294 1778 401 1849 potero
423 1786 525 1832 coram
548 1768 603 1829 Dei
621 1767 737 1843 judicio
758 1772 937 1848 consistere,
959 1790 1019 1836 uon

109 1885 213 1956 poleno
235 1876 373 1955 effugere
392 1876 470 1952 legis
492 1874 734 1948 accusationem,
761 1893 822 1938 non
850 1883 958 1954 potero
985 1881 1020 1940 li·

107 1984 207 2044 berari
235 2000 252 2045 a
283 1988 436 2061 potestate
463 1990 605 2054 satanae,
641 1996 702 2043 non
734 1989 840 2059 potero
871 1983 1020 2048 dominari

104 2098 249 2166 peccato,
272 2090 375 2161 morti,
404 2088 543 2160 diabolo,
569 2095 600 2150 et
618 2089 709 2150 malis
731 2087 873 2151 omuibus
895 2099 1020 2169 propter

102 2184 268 2271 peccatum
290 2192 425 2257 humano
446 2193 550 2270 generi
572 2193 826 2257 incumbentibus.

188 2299 263 2363 cum
285 2307 386 2364 cutem
402 2299 543 2363 cbristus
565 2299 714 2375 sanguine
735 2317 795 2363 suo
815 2301 855 2362 ab
877 2304 1019 2367 omnibus

100 2406 245 2484 peccatis
272 2423 331 2469 nos
353 2405 524 2478 mundavit,
558 2421 616 2468 suu
636 2405 858 2481 gloriosissima
892 2408 1020 2472 victoria

101 2518 234 2574 mortem
268 2512 442 2590 superavit,
475 2513 572 2588 legem
612 2511 693 2572 cruci
728 2511 1020 2584 cluniasensem

102 2635 187 2681 uuuo
209 2625 293 2680 certo
315 2633 499 2696 possumus,
527 2619 602 2679 iram
624 2617 679 2678 Dei
701 2618 862 2694 placatam·
875 2635 961 2694 esse,
987 2609 1019 2683 'ct

103 2741 165 2788 uos
188 2725 217 2786 ei
238 2724 452 2787 reconciliatos
473 2739 528 2800 per
547 2722 651 2794 litium,
672 2729 707 2785 ut
730 2722 803 2785 nihil
824 2724 854 2785 in
875 2741 932 2788 nos
955 2743 1019 2788 am-

103 2831 188 2909 plius
221 2829 298 2906 iuris
333 2831 383 2891 lex
408 2829 467 2891 sibi
498 2828 659 2891 vendicare
685 2845 742 2890 nec
778 2831 870 2892 ultam
900 2832 930 2893 in
960 2850 1018 2897 nos

105 2936 336 2998 accusationem
370 2936 532 3010 stringere,
567 2940 601 2996 ut
636 2942 724 2996 satan
755 2936 866 2998 nullam
898 2937 927 2998 iu
961 2956 1019 3002 nos

105 3041 298 3120 tyrannidem
321 3022 479 3114 exercere,
516 3047 676 3118 peccatum
705 3046 737 3103 st
765 3057 849 3104 mors
878 3060 937 3105 nos
958 3046 1018 3107 sibi

103 3163 169 3212 non
200 3146 347 3220 subdere,
377 3163 439 3209 non
468 3146 558 3208 nobis
586 3147 734 3209 dominari
761 3158 888 3226 queant,
922 3153 968 3212 ut'
987 3153 1017 3213 in

72 3232 77 3241 ⁵
104 3255 217 3316 mortis
237 3252 315 3315 hora
337 3252 376 3314 de
403 3253 503 3314 saluta
524 3259 647 3314 aeterna
669 3267 758 3329 spem
779 3263 892 3317 certam
915 3261 1018 3320 couci·

105 3374 183 3437 pore
205 3359 374 3437 possimus.
469 3348 471 3353 ’
625 3358 632 3397 ¹
698 3434 700 3440 .

189 3463 274 3526 llaec
302 3464 396 3536 scire,
428 3461 489 3525 hac
516 3463 555 3525 de
576 3462 697 3526 christo
725 3466 898 3542 cognitione
925 3458 1019 3546 'pram
1070 3454 1072 3458 ’

105 3569 204 3632 ditum
217 3584 315 3642 esse,
338 3576 387 3630 est
408 3568 460 3629 lux
480 3568 548 3642 illa,
569 3585 632 3647 qua
653 3569 770 3646 piorum
790 3580 911 3636 mentes
932 3577 1020 3652 spiri·

103 3684 156 3739 tus
187 3651 286 3738 sancti
319 3673 426 3741 eltlotu
450 3681 482 3736 et
512 3689 606 3752 opera
634 3675 844 3740 illuminantur.
886 3677 919 3741 st
940 3677 1018 3745 haec
