<?xml version="1.0" encoding="UTF-8"?>
<!DOCTYPE html PUBLIC "-//W3C//DTD XHTML 1.0 Transitional//EN"
    "http://www.w3.org/TR/xhtml1/DTD/xhtml1-transitional.dtd">
<html xmlns="http://www.w3.org/1999/xhtml" xml:lang="en" lang="en">
 <head>
  <title>
</title>
<meta http-equiv="Content-Type" content="text/html;charset=utf-8" />
  <meta name='ocr-system' content='tesseract 3.04.00' />
  <meta name='ocr-capabilities' content='ocr_page ocr_carea ocr_par ocr_line ocrx_word'/>
</head>
<body>
  <div class='ocr_page' id='page_1' title='image "./exegeticaoperal01luthgoog_0463.png"; bbox 0 0 2258 4170; ppageno 0'>
   <div class='ocr_carea' id='block_1_1' title="bbox 131 185 771 276">
    <p class='ocr_par' dir='ltr' id='par_1_1' title="bbox 131 185 771 276">
     <span class='ocr_line' id='line_1_1' title="bbox 131 185 771 276; baseline -0.008 -19"><span class='ocrx_word' id='word_1_1' title='bbox 131 262 138 276; x_wconf 51' lang='grc'><em>,</em></span> <span class='ocrx_word' id='word_1_2' title='bbox 173 185 237 257; x_wconf 65' lang='grc'>452</span> <span class='ocrx_word' id='word_1_3' title='bbox 455 207 458 217; x_wconf 82' lang='grc'><strong>“</strong></span> <span class='ocrx_word' id='word_1_4' title='bbox 492 194 636 254; x_wconf 79' lang='lat' dir='ltr'>Enrrrrtio</span> <span class='ocrx_word' id='word_1_5' title='bbox 658 194 771 255; x_wconf 80' lang='lat' dir='ltr'>uberior</span> 
     </span>
    </p>
   </div>
   <div class='ocr_carea' id='block_1_2' title="bbox 174 368 1086 659">
    <p class='ocr_par' dir='ltr' id='par_1_2' title="bbox 174 368 1086 659">
     <span class='ocr_line' id='line_1_2' title="bbox 175 368 1086 457; baseline 0.001 -23"><span class='ocrx_word' id='word_1_6' title='bbox 175 387 234 434; x_wconf 83' lang='lat' dir='ltr'>sou</span> <span class='ocrx_word' id='word_1_7' title='bbox 256 379 394 457; x_wconf 54' lang='lat' dir='ltr'>erectam,</span> <span class='ocrx_word' id='word_1_8' title='bbox 411 387 505 448; x_wconf 83' lang='lat' dir='ltr'>supra</span> <span class='ocrx_word' id='word_1_9' title='bbox 528 372 645 434; x_wconf 82' lang='lat' dir='ltr'>collem.</span> <span class='ocrx_word' id='word_1_10' title='bbox 684 370 738 434; x_wconf 88' lang='lat' dir='ltr'>Sic</span> <span class='ocrx_word' id='word_1_11' title='bbox 757 371 870 432; x_wconf 86' lang='lat' dir='ltr'>dieitur</span> <span class='ocrx_word' id='word_1_12' title='bbox 891 369 931 430; x_wconf 87' lang='lat' dir='ltr'>de</span> <span class='ocrx_word' id='word_1_13' title='bbox 951 369 1003 429; x_wconf 82' lang='lat' dir='ltr'>Dei</span> <span class='ocrx_word' id='word_1_14' title='bbox 1024 368 1086 435; x_wconf 86' lang='lat' dir='ltr'>iiio.</span> 
     </span>
     <span class='ocr_line' id='line_1_3' title="bbox 174 475 887 552; baseline -0.008 -12"><span class='ocrx_word' id='word_1_15' title='bbox 174 475 419 540; x_wconf 82' lang='lat' dir='ltr'>scd-committo</span> <span class='ocrx_word' id='word_1_16' title='bbox 440 478 480 537; x_wconf 90' lang='lat' dir='ltr'>ita</span> <span class='ocrx_word' id='word_1_17' title='bbox 504 477 700 552; x_wconf 72' lang='lat' dir='ltr'>grammatica</span> <span class='ocrx_word' id='word_1_18' title='bbox 723 475 887 537; x_wconf 82' lang='lat' dir='ltr'><strong>Hebraeis.</strong></span> 
     </span>
     <span class='ocr_line' id='line_1_4' title="bbox 255 579 1084 659; baseline -0.002 -17"><span class='ocrx_word' id='word_1_19' title='bbox 255 581 333 649; x_wconf 83' lang='lat' dir='ltr'>Dicit</span> <span class='ocrx_word' id='word_1_20' title='bbox 360 596 435 657; x_wconf 77' lang='lat' dir='ltr'>ergo</span> <span class='ocrx_word' id='word_1_21' title='bbox 469 580 619 657; x_wconf 84' lang='lat' dir='ltr'>propheta</span> <span class='ocrx_word' id='word_1_22' title='bbox 647 582 677 642; x_wconf 90' lang='lat' dir='ltr'>in</span> <span class='ocrx_word' id='word_1_23' title='bbox 705 597 845 659; x_wconf 77' lang='lat' dir='ltr'>persona</span> <span class='ocrx_word' id='word_1_24' title='bbox 863 579 977 657; x_wconf 84' lang='lat' dir='ltr'>patris,</span> <span class='ocrx_word' id='word_1_25' title='bbox 1012 582 1084 654; x_wconf 85' lang='lat' dir='ltr'>quod</span> 
     </span>
    </p>
   </div>
   <div class='ocr_carea' id='block_1_3' title="bbox 39 684 1088 764">
    <p class='ocr_par' dir='ltr' id='par_1_3' title="bbox 39 684 1088 764">
     <span class='ocr_line' id='line_1_5' title="bbox 39 684 1088 764; baseline -0.003 -15"><span class='ocrx_word' id='word_1_26' title='bbox 39 748 43 756; x_wconf 86' lang='grc'><em>,</em></span> <span class='ocrx_word' id='word_1_27' title='bbox 104 727 127 745; x_wconf 46' lang='grc' dir='ltr'>ι,</span> <span class='ocrx_word' id='word_1_28' title='bbox 177 687 322 760; x_wconf 74' lang='lat' dir='ltr'>Messias,</span> <span class='ocrx_word' id='word_1_29' title='bbox 339 686 458 747; x_wconf 84' lang='lat' dir='ltr'>Domini</span> <span class='ocrx_word' id='word_1_30' title='bbox 471 684 639 757; x_wconf 81' lang='lat' dir='ltr'>brachium,</span> <span class='ocrx_word' id='word_1_31' title='bbox 661 687 716 748; x_wconf 85' lang='lat' dir='ltr'>erit</span> <span class='ocrx_word' id='word_1_32' title='bbox 725 686 942 764; x_wconf 81' lang='lat' dir='ltr'>pauperrimus</span> <span class='ocrx_word' id='word_1_33' title='bbox 955 685 1088 757; x_wconf 82' lang='lat' dir='ltr'>minister,</span> 
     </span>
    </p>
   </div>
   <div class='ocr_carea' id='block_1_4' title="bbox 125 788 1088 1713">
    <p class='ocr_par' dir='ltr' id='par_1_4' title="bbox 125 788 1088 1713">
     <span class='ocr_line' id='line_1_6' title="bbox 172 788 1088 868; baseline -0.003 -14"><span class='ocrx_word' id='word_1_34' title='bbox 172 790 371 863; x_wconf 80' lang='lat' dir='ltr'>humillimus,</span> <span class='ocrx_word' id='word_1_35' title='bbox 405 789 478 849; x_wconf 89' lang='lat' dir='ltr'>nihii</span> <span class='ocrx_word' id='word_1_36' title='bbox 501 788 623 852; x_wconf 78' lang='lat' dir='ltr'>habena</span> <span class='ocrx_word' id='word_1_37' title='bbox 642 799 764 868; x_wconf 81' lang='lat' dir='ltr'>praeter</span> <span class='ocrx_word' id='word_1_38' title='bbox 785 792 929 861; x_wconf 90' lang='lat' dir='ltr'>verbum,</span> <span class='ocrx_word' id='word_1_39' title='bbox 953 806 1010 851; x_wconf 88' lang='lat' dir='ltr'>nec</span> <span class='ocrx_word' id='word_1_40' title='bbox 1030 806 1088 867; x_wconf 78' lang='lat' dir='ltr'>reg·</span> 
     </span>
     <span class='ocr_line' id='line_1_7' title="bbox 176 895 1086 977; baseline -0.002 -19"><span class='ocrx_word' id='word_1_41' title='bbox 176 912 254 958; x_wconf 81' lang='lat' dir='ltr'>nans</span> <span class='ocrx_word' id='word_1_42' title='bbox 275 896 334 958; x_wconf 87' lang='lat' dir='ltr'>uisi</span> <span class='ocrx_word' id='word_1_43' title='bbox 356 895 424 977; x_wconf 86' lang='lat' dir='ltr'>soio</span> <span class='ocrx_word' id='word_1_44' title='bbox 439 895 605 957; x_wconf 84' lang='lat' dir='ltr'>ministerio</span> <span class='ocrx_word' id='word_1_45' title='bbox 628 896 721 958; x_wconf 87' lang='lat' dir='ltr'>verbi.</span> <span class='ocrx_word' id='word_1_46' title='bbox 750 896 808 956; x_wconf 88' lang='lat' dir='ltr'>Hic</span> <span class='ocrx_word' id='word_1_47' title='bbox 818 895 896 965; x_wconf 84' lang='lat' dir='ltr'>nihii</span> <span class='ocrx_word' id='word_1_48' title='bbox 908 902 960 957; x_wconf 87' lang='lat' dir='ltr'>est</span> <span class='ocrx_word' id='word_1_49' title='bbox 975 910 1086 956; x_wconf 87' lang='lat' dir='ltr'>cernere</span> 
     </span>
     <span class='ocr_line' id='line_1_8' title="bbox 173 1000 1087 1079; baseline -0.004 -14"><span class='ocrx_word' id='word_1_50' title='bbox 173 1000 355 1079; x_wconf 70' lang='lat' dir='ltr'>gloriosum,</span> <span class='ocrx_word' id='word_1_51' title='bbox 381 1002 527 1072; x_wconf 77' lang='lat' dir='ltr'>sublime,</span> <span class='ocrx_word' id='word_1_52' title='bbox 548 1016 650 1078; x_wconf 85' lang='lat' dir='ltr'>neque</span> <span class='ocrx_word' id='word_1_53' title='bbox 669 1009 718 1061; x_wconf 89' lang='lat' dir='ltr'>est</span> <span class='ocrx_word' id='word_1_54' title='bbox 738 1001 906 1063; x_wconf 82' lang='lat' dir='ltr'>exaltatum</span> <span class='ocrx_word' id='word_1_55' title='bbox 931 1004 1020 1070; x_wconf 81' lang='lat' dir='ltr'>es&#39;se,</span> <span class='ocrx_word' id='word_1_56' title='bbox 1039 1001 1087 1061; x_wconf 84' lang='lat' dir='ltr'>red</span> 
     </span>
     <span class='ocr_line' id='line_1_9' title="bbox 125 1104 1086 1190; baseline 0.003 -27"><span class='ocrx_word' id='word_1_57' title='bbox 125 1149 130 1163; x_wconf 88' lang='grc'><em>,</em></span> <span class='ocrx_word' id='word_1_58' title='bbox 171 1105 308 1168; x_wconf 81' lang='lat' dir='ltr'>infimum</span> <span class='ocrx_word' id='word_1_59' title='bbox 328 1112 360 1167; x_wconf 88' lang='lat' dir='ltr'>et</span> <span class='ocrx_word' id='word_1_60' title='bbox 371 1104 620 1180; x_wconf 71' lang='lat' dir='ltr'>abiectissimum.</span> <span class='ocrx_word' id='word_1_61' title='bbox 650 1106 821 1190; x_wconf 31' lang='lat' dir='ltr'>Quid-enim</span> <span class='ocrx_word' id='word_1_62' title='bbox 842 1105 964 1177; x_wconf 86' lang='lat' dir='ltr'>doctor,</span> <span class='ocrx_word' id='word_1_63' title='bbox 987 1106 1013 1166; x_wconf 87' lang='lat' dir='ltr'>si</span> <span class='ocrx_word' id='word_1_64' title='bbox 1024 1105 1086 1166; x_wconf 86' lang='lat' dir='ltr'>nihii</span> 
     </span>
     <span class='ocr_line' id='line_1_10' title="bbox 171 1211 1086 1288; baseline -0.002 -14"><span class='ocrx_word' id='word_1_65' title='bbox 171 1212 267 1274; x_wconf 85' lang='lat' dir='ltr'>habet</span> <span class='ocrx_word' id='word_1_66' title='bbox 287 1218 407 1288; x_wconf 85' lang='lat' dir='ltr'>praeter</span> <span class='ocrx_word' id='word_1_67' title='bbox 430 1212 580 1273; x_wconf 78' lang='lat' dir='ltr'>verbum?</span> <span class='ocrx_word' id='word_1_68' title='bbox 598 1211 717 1277; x_wconf 73' lang='lat' dir='ltr'>,Deinde</span> <span class='ocrx_word' id='word_1_69' title='bbox 738 1228 846 1287; x_wconf 80' lang='lat' dir='ltr'>egens,</span> <span class='ocrx_word' id='word_1_70' title='bbox 867 1211 983 1280; x_wconf 71' lang='lat' dir='ltr'>nudus,</span> <span class='ocrx_word' id='word_1_71' title='bbox 1004 1211 1086 1272; x_wconf 79' lang='lat' dir='ltr'>insto·</span> 
     </span>
     <span class='ocr_line' id='line_1_11' title="bbox 137 1315 1086 1394; baseline -0.002 -14"><span class='ocrx_word' id='word_1_72' title='bbox 137 1356 141 1366; x_wconf 86' lang='lat'><strong>·</strong></span> <span class='ocrx_word' id='word_1_73' title='bbox 173 1319 252 1389; x_wconf 81' lang='lat' dir='ltr'>bitin,</span> <span class='ocrx_word' id='word_1_74' title='bbox 274 1334 333 1379; x_wconf 91' lang='lat' dir='ltr'>non</span> <span class='ocrx_word' id='word_1_75' title='bbox 355 1315 475 1387; x_wconf 87' lang='lat' dir='ltr'>habens</span> <span class='ocrx_word' id='word_1_76' title='bbox 498 1317 550 1378; x_wconf 92' lang='lat' dir='ltr'>ubi</span> <span class='ocrx_word' id='word_1_77' title='bbox 572 1317 698 1380; x_wconf 83' lang='lat' dir='ltr'>reclinet</span> <span class='ocrx_word' id='word_1_78' title='bbox 716 1324 925 1394; x_wconf 63' lang='lat' dir='ltr'>carnotenum,</span> <span class='ocrx_word' id='word_1_79' title='bbox 950 1317 1020 1377; x_wconf 84' lang='lat' dir='ltr'>inex</span> <span class='ocrx_word' id='word_1_80' title='bbox 1038 1315 1086 1378; x_wconf 83' lang='lat' dir='ltr'>iro</span> 
     </span>
     <span class='ocr_line' id='line_1_12' title="bbox 173 1406 1085 1498; baseline -0.001 -14"><span class='ocrx_word' id='word_1_81' title='bbox 173 1425 301 1494; x_wconf 92' lang='lat' dir='ltr'>minum,</span> <span class='ocrx_word' id='word_1_82' title='bbox 323 1420 339 1484; x_wconf 87' lang='lat' dir='ltr'>t</span> <span class='ocrx_word' id='word_1_83' title='bbox 363 1422 496 1487; x_wconf 81' lang='lat' dir='ltr'>Corinth.</span> <span class='ocrx_word' id='word_1_84' title='bbox 518 1406 546 1488; x_wconf 59' lang='lat' dir='ltr'>4ss</span> <span class='ocrx_word' id='word_1_85' title='bbox 570 1424 650 1485; x_wconf 75' lang='lat' dir='ltr'>Pani.</span> <span class='ocrx_word' id='word_1_86' title='bbox 670 1419 726 1485; x_wconf 81' lang='lat'>22:</span> <span class='ocrx_word' id='word_1_87' title='bbox 765 1421 831 1498; x_wconf 72' lang='lat' dir='ltr'>ugo</span> <span class='ocrx_word' id='word_1_88' title='bbox 854 1430 962 1484; x_wconf 86' lang='lat' dir='ltr'>autem</span> <span class='ocrx_word' id='word_1_89' title='bbox 986 1423 1085 1483; x_wconf 79' lang='lat' dir='ltr'>vermis</span> 
     </span>
     <span class='ocr_line' id='line_1_13' title="bbox 172 1523 1083 1617; baseline -0.002 -26"><span class='ocrx_word' id='word_1_90' title='bbox 172 1546 240 1591; x_wconf 86' lang='lat' dir='ltr'>aum</span> <span class='ocrx_word' id='word_1_91' title='bbox 264 1535 295 1591; x_wconf 89' lang='lat' dir='ltr'>et</span> <span class='ocrx_word' id='word_1_92' title='bbox 315 1545 374 1591; x_wconf 92' lang='lat' dir='ltr'>oon</span> <span class='ocrx_word' id='word_1_93' title='bbox 391 1527 495 1600; x_wconf 82' lang='lat' dir='ltr'>homo,</span> <span class='ocrx_word' id='word_1_94' title='bbox 508 1530 714 1617; x_wconf 16' lang='lat' dir='ltr'>‘opprobrium</span> <span class='ocrx_word' id='word_1_95' title='bbox 727 1526 887 1590; x_wconf 88' lang='lat' dir='ltr'>hominurn</span> <span class='ocrx_word' id='word_1_96' title='bbox 909 1534 943 1587; x_wconf 87' lang='lat' dir='ltr'>et</span> <span class='ocrx_word' id='word_1_97' title='bbox 964 1523 1083 1602; x_wconf 81' lang='lat' dir='ltr'>abjectio</span> 
     </span>
     <span class='ocr_line' id='line_1_14' title="bbox 172 1624 1083 1713; baseline 0 -18"><span class='ocrx_word' id='word_1_98' title='bbox 172 1624 282 1713; x_wconf 79' lang='lat' dir='ltr'>plebia.</span> <span class='ocrx_word' id='word_1_99' title='bbox 325 1634 410 1710; x_wconf 79' lang='lat' dir='ltr'>Quae</span> <span class='ocrx_word' id='word_1_100' title='bbox 430 1633 510 1696; x_wconf 88' lang='lat' dir='ltr'>haec</span> <span class='ocrx_word' id='word_1_101' title='bbox 531 1642 581 1696; x_wconf 84' lang='lat' dir='ltr'>eat</span> <span class='ocrx_word' id='word_1_102' title='bbox 601 1633 748 1697; x_wconf 74' lang='lat' dir='ltr'>altitudo?</span> <span class='ocrx_word' id='word_1_103' title='bbox 789 1634 865 1693; x_wconf 84' lang='lat' dir='ltr'>Item</span> <span class='ocrx_word' id='word_1_104' title='bbox 887 1632 1083 1710; x_wconf 76' lang='lat' dir='ltr'>deprimimur,</span> 
     </span>
    </p>
   </div>
   <div class='ocr_carea' id='block_1_5' title="bbox 73 1737 1082 1817">
    <p class='ocr_par' dir='ltr' id='par_1_5' title="bbox 73 1737 1082 1817">
     <span class='ocr_line' id='line_1_15' title="bbox 73 1737 1082 1817; baseline -0.001 -16"><span class='ocrx_word' id='word_1_105' title='bbox 73 1784 76 1791; x_wconf 29' lang='grc' dir='ltr'><strong>ι</strong></span> <span class='ocrx_word' id='word_1_106' title='bbox 173 1739 418 1817; x_wconf 83' lang='lat' dir='ltr'>persecutionem</span> <span class='ocrx_word' id='word_1_107' title='bbox 430 1740 568 1817; x_wconf 85' lang='lat' dir='ltr'>patimur,</span> <span class='ocrx_word' id='word_1_108' title='bbox 591 1738 765 1811; x_wconf 79' lang='lat' dir='ltr'>occidimur,</span> <span class='ocrx_word' id='word_1_109' title='bbox 786 1746 933 1799; x_wconf 81' lang='lat' dir='ltr'>ettamen</span> <span class='ocrx_word' id='word_1_110' title='bbox 956 1737 1082 1800; x_wconf 83' lang='lat' dir='ltr'>inuentis</span> 
     </span>
    </p>
   </div>
   <div class='ocr_carea' id='block_1_6' title="bbox 135 1844 1084 3829">
    <p class='ocr_par' dir='ltr' id='par_1_6' title="bbox 135 1844 1084 3829">
     <span class='ocr_line' id='line_1_16' title="bbox 172 1844 1080 1916; baseline 0 -10"><span class='ocrx_word' id='word_1_111' title='bbox 172 1844 291 1911; x_wconf 86' lang='lat' dir='ltr'>Domini</span> <span class='ocrx_word' id='word_1_112' title='bbox 325 1846 473 1907; x_wconf 84' lang='lat' dir='ltr'>sublimes</span> <span class='ocrx_word' id='word_1_113' title='bbox 506 1859 631 1915; x_wconf 83' lang='lat' dir='ltr'>sumus,</span> <span class='ocrx_word' id='word_1_114' title='bbox 673 1844 811 1916; x_wconf 82' lang='lat' dir='ltr'>excitati,</span> <span class='ocrx_word' id='word_1_115' title='bbox 855 1845 971 1905; x_wconf 85' lang='lat' dir='ltr'>elevati</span> <span class='ocrx_word' id='word_1_116' title='bbox 1003 1845 1080 1906; x_wconf 86' lang='lat' dir='ltr'>etiam</span> 
     </span>
     <span class='ocr_line' id='line_1_17' title="bbox 172 1928 914 2027; baseline 0.004 -17"><span class='ocrx_word' id='word_1_117' title='bbox 172 1964 207 2011; x_wconf 84' lang='lat' dir='ltr'>re</span> <span class='ocrx_word' id='word_1_118' title='bbox 228 1949 307 2027; x_wconf 82' lang='lat' dir='ltr'>ipro.</span> <span class='ocrx_word' id='word_1_119' title='bbox 523 1951 528 1958; x_wconf 85' lang='grc'><em>“</em></span> <span class='ocrx_word' id='word_1_120' title='bbox 742 1928 746 1945; x_wconf 57' lang='lat'>¹</span> <span class='ocrx_word' id='word_1_121' title='bbox 911 2008 914 2013; x_wconf 80' lang='grc'>,</span> 
     </span>
     <span class='ocr_line' id='line_1_18' title="bbox 205 2053 1078 2132; baseline 0.007 -18"><span class='ocrx_word' id='word_1_122' title='bbox 205 2058 219 2066; x_wconf 78' lang='grc'><strong><em>’</em></strong></span> <span class='ocrx_word' id='word_1_123' title='bbox 253 2053 365 2116; x_wconf 82' lang='lat' dir='ltr'>Postea</span> <span class='ocrx_word' id='word_1_124' title='bbox 413 2054 485 2115; x_wconf 83' lang='lat' dir='ltr'>iacit</span> <span class='ocrx_word' id='word_1_125' title='bbox 535 2069 644 2115; x_wconf 88' lang='lat' dir='ltr'>nomen</span> <span class='ocrx_word' id='word_1_126' title='bbox 686 2060 827 2117; x_wconf 83' lang='lat' dir='ltr'>nostrum</span> <span class='ocrx_word' id='word_1_127' title='bbox 872 2071 1020 2132; x_wconf 80' lang='lat' dir='ltr'>magnum</span> <span class='ocrx_word' id='word_1_128' title='bbox 1058 2067 1078 2120; x_wconf 84' lang='lat' dir='ltr'>et</span> 
     </span>
     <span class='ocr_line' id='line_1_19' title="bbox 171 2157 1077 2235; baseline 0.004 -16"><span class='ocrx_word' id='word_1_129' title='bbox 171 2157 355 2235; x_wconf 71' lang='lat' dir='ltr'>gloriosum,</span> <span class='ocrx_word' id='word_1_130' title='bbox 383 2160 497 2220; x_wconf 83' lang='lat' dir='ltr'>exaltat</span> <span class='ocrx_word' id='word_1_131' title='bbox 517 2175 575 2220; x_wconf 86' lang='lat' dir='ltr'>nos</span> <span class='ocrx_word' id='word_1_132' title='bbox 596 2158 788 2220; x_wconf 80' lang='lat' dir='ltr'>consessione</span> <span class='ocrx_word' id='word_1_133' title='bbox 809 2159 910 2234; x_wconf 73' lang='lat' dir='ltr'>fidei,</span> <span class='ocrx_word' id='word_1_134' title='bbox 929 2169 962 2223; x_wconf 82' lang='lat' dir='ltr'>ut</span> <span class='ocrx_word' id='word_1_135' title='bbox 984 2164 1077 2223; x_wconf 86' lang='lat' dir='ltr'>saitem</span> 
     </span>
     <span class='ocr_line' id='line_1_20' title="bbox 147 2262 1076 2342; baseline 0.004 -18"><span class='ocrx_word' id='word_1_136' title='bbox 147 2262 251 2326; x_wconf 83' lang='lat' dir='ltr'>&#39;hanc</span> <span class='ocrx_word' id='word_1_137' title='bbox 274 2263 585 2324; x_wconf 80' lang='lat' dir='ltr'>memoriam-nostris</span> <span class='ocrx_word' id='word_1_138' title='bbox 613 2264 746 2342; x_wconf 81' lang='lat' dir='ltr'>posteris</span> <span class='ocrx_word' id='word_1_139' title='bbox 774 2266 1003 2342; x_wconf 80' lang='lat' dir='ltr'>relinquamus,</span> <span class='ocrx_word' id='word_1_140' title='bbox 1033 2285 1076 2329; x_wconf 80' lang='lat' dir='ltr'>nos</span> 
     </span>
     <span class='ocr_line' id='line_1_21' title="bbox 171 2367 1077 2446; baseline 0.007 -18"><span class='ocrx_word' id='word_1_141' title='bbox 171 2383 261 2430; x_wconf 85' lang='lat' dir='ltr'>veroa</span> <span class='ocrx_word' id='word_1_142' title='bbox 290 2376 321 2429; x_wconf 91' lang='grc' dir='ltr'>ει</span> <span class='ocrx_word' id='word_1_143' title='bbox 341 2367 452 2430; x_wconf 80' lang='lat' dir='ltr'>fideles·</span> <span class='ocrx_word' id='word_1_144' title='bbox 470 2375 612 2446; x_wconf 87' lang='lat' dir='ltr'>pastores</span> <span class='ocrx_word' id='word_1_145' title='bbox 634 2370 761 2431; x_wconf 82' lang='lat' dir='ltr'>inissa·</span> <span class='ocrx_word' id='word_1_146' title='bbox 791 2370 868 2446; x_wconf 79' lang='lat' dir='ltr'>Quid</span> <span class='ocrx_word' id='word_1_147' title='bbox 892 2372 922 2433; x_wconf 91' lang='lat' dir='ltr'>in</span> <span class='ocrx_word' id='word_1_148' title='bbox 945 2371 1007 2434; x_wconf 80' lang='lat' dir='ltr'>hoc</span> <span class='ocrx_word' id='word_1_149' title='bbox 1027 2374 1077 2434; x_wconf 82' lang='lat' dir='ltr'>uita</span> 
     </span>
     <span class='ocr_line' id='line_1_22' title="bbox 171 2452 1078 2564; baseline 0.01 -30"><span class='ocrx_word' id='word_1_150' title='bbox 171 2452 257 2534; x_wconf 83' lang='lat' dir='ltr'>erant</span> <span class='ocrx_word' id='word_1_151' title='bbox 278 2475 399 2545; x_wconf 84' lang='lat' dir='ltr'>Petrus,</span> <span class='ocrx_word' id='word_1_152' title='bbox 438 2473 574 2535; x_wconf 74' lang='lat' dir='ltr'>Paulus?</span> <span class='ocrx_word' id='word_1_153' title='bbox 611 2476 788 2558; x_wconf 65' lang='lat' dir='ltr'>mantuano</span> <span class='ocrx_word' id='word_1_154' title='bbox 822 2479 884 2539; x_wconf 76' lang='grc' dir='ltr'>καὶ</span> <span class='ocrx_word' id='word_1_155' title='bbox 916 2474 1078 2564; x_wconf 74' lang='grc' dir='ltr'>κάθαρμα,</span> 
     </span>
     <span class='ocr_line' id='line_1_23' title="bbox 169 2578 1078 2667; baseline 0.008 -27"><span class='ocrx_word' id='word_1_156' title='bbox 169 2578 241 2641; x_wconf 84' lang='lat' dir='ltr'>nihii</span> <span class='ocrx_word' id='word_1_157' title='bbox 262 2578 413 2656; x_wconf 82' lang='lat' dir='ltr'>siquidem</span> <span class='ocrx_word' id='word_1_158' title='bbox 443 2579 546 2647; x_wconf 72' lang='lat' dir='ltr'>vitius,</span> <span class='ocrx_word' id='word_1_159' title='bbox 577 2579 740 2654; x_wconf 84' lang='lat' dir='ltr'>abjectius,</span> <span class='ocrx_word' id='word_1_160' title='bbox 768 2584 984 2667; x_wconf 84' lang='lat' dir='ltr'>concuicotius</span> <span class='ocrx_word' id='word_1_161' title='bbox 1005 2585 1078 2662; x_wconf 73' lang='lat' dir='ltr'>ipsis</span> 
     </span>
     <span class='ocr_line' id='line_1_24' title="bbox 169 2682 1080 2767; baseline 0.004 -20"><span class='ocrx_word' id='word_1_162' title='bbox 169 2685 219 2747; x_wconf 90' lang='lat' dir='ltr'>Sic</span> <span class='ocrx_word' id='word_1_163' title='bbox 242 2683 381 2747; x_wconf 79' lang='lat' dir='ltr'>christus</span> <span class='ocrx_word' id='word_1_164' title='bbox 404 2682 494 2760; x_wconf 75' lang='lat' dir='ltr'>ipse,</span> <span class='ocrx_word' id='word_1_165' title='bbox 517 2690 548 2745; x_wconf 88' lang='lat' dir='ltr'>ot</span> <span class='ocrx_word' id='word_1_166' title='bbox 580 2690 678 2747; x_wconf 86' lang='lat' dir='ltr'>tamen</span> <span class='ocrx_word' id='word_1_167' title='bbox 707 2686 736 2745; x_wconf 92' lang='lat' dir='ltr'>in</span> <span class='ocrx_word' id='word_1_168' title='bbox 764 2685 824 2747; x_wconf 86' lang='lat' dir='ltr'>hac</span> <span class='ocrx_word' id='word_1_169' title='bbox 851 2689 1080 2767; x_wconf 41' lang='lat' dir='ltr'>nerviiiespecie</span> 
     </span>
     <span class='ocr_line' id='line_1_25' title="bbox 135 2777 1080 2871; baseline 0.006 -20"><span class='ocrx_word' id='word_1_170' title='bbox 135 2777 144 2784; x_wconf 76' lang='grc'><em>’</em></span> <span class='ocrx_word' id='word_1_171' title='bbox 167 2789 314 2852; x_wconf 88' lang='lat' dir='ltr'>incedens</span> <span class='ocrx_word' id='word_1_172' title='bbox 336 2804 391 2849; x_wconf 86' lang='lat' dir='ltr'>rex</span> <span class='ocrx_word' id='word_1_173' title='bbox 413 2790 662 2871; x_wconf 77' lang='lat' dir='ltr'>omniumregum</span> <span class='ocrx_word' id='word_1_174' title='bbox 684 2797 740 2867; x_wconf 73' lang='lat' dir='ltr'>cat,</span> <span class='ocrx_word' id='word_1_175' title='bbox 758 2789 913 2865; x_wconf 82' lang='lat' dir='ltr'>judicara-</span> <span class='ocrx_word' id='word_1_176' title='bbox 926 2796 1080 2871; x_wconf 60' lang='lat' dir='ltr'>tat-,guber-</span> 
     </span>
     <span class='ocr_line' id='line_1_26' title="bbox 168 2893 1080 2979; baseline 0.008 -23"><span class='ocrx_word' id='word_1_177' title='bbox 168 2910 245 2956; x_wconf 85' lang='lat' dir='ltr'>nans</span> <span class='ocrx_word' id='word_1_178' title='bbox 268 2893 377 2955; x_wconf 85' lang='lat' dir='ltr'>omnia.</span> <span class='ocrx_word' id='word_1_179' title='bbox 416 2894 545 2979; x_wconf 83' lang='lat' dir='ltr'>Sicest</span> <span class='ocrx_word' id='word_1_180' title='bbox 571 2896 722 2975; x_wconf 67' lang='lat' dir='ltr'>excitatus</span> <span class='ocrx_word' id='word_1_181' title='bbox 754 2910 785 2957; x_wconf 87' lang='lat' dir='ltr'>re</span> <span class='ocrx_word' id='word_1_182' title='bbox 808 2896 893 2974; x_wconf 76' lang='lat' dir='ltr'>ipsu,</span> <span class='ocrx_word' id='word_1_183' title='bbox 922 2907 962 2973; x_wconf 84' lang='lat' dir='ltr'>¹ot</span> <span class='ocrx_word' id='word_1_184' title='bbox 983 2909 1080 2976; x_wconf 76' lang='lat' dir='ltr'>norton</span> 
     </span>
     <span class='ocr_line' id='line_1_27' title="bbox 168 2999 971 3083; baseline 0.001 -21"><span class='ocrx_word' id='word_1_185' title='bbox 168 3000 412 3062; x_wconf 77' lang='lat' dir='ltr'>contessionem</span> <span class='ocrx_word' id='word_1_186' title='bbox 433 2999 668 3075; x_wconf 70' lang='lat' dir='ltr'>praedicatione.</span> <span class='ocrx_word' id='word_1_187' title='bbox 904 3070 910 3081; x_wconf 32' lang='lat'><strong><em>⁴</em></strong></span> <span class='ocrx_word' id='word_1_188' title='bbox 965 3076 971 3083; x_wconf 25' lang='grc' dir='ltr'>ι</span> 
     </span>
     <span class='ocr_line' id='line_1_28' title="bbox 249 3103 1082 3184; baseline 0.008 -18"><span class='ocrx_word' id='word_1_189' title='bbox 249 3104 335 3166; x_wconf 83' lang='lat' dir='ltr'>Nunc</span> <span class='ocrx_word' id='word_1_190' title='bbox 364 3105 494 3180; x_wconf 86' lang='lat' dir='ltr'>apostoli</span> <span class='ocrx_word' id='word_1_191' title='bbox 524 3112 594 3166; x_wconf 85' lang='lat' dir='ltr'>sunt</span> <span class='ocrx_word' id='word_1_192' title='bbox 623 3103 742 3180; x_wconf 85' lang='lat' dir='ltr'>jndices</span> <span class='ocrx_word' id='word_1_193' title='bbox 764 3113 1039 3184; x_wconf 60' lang='lat' dir='ltr'>etfregeoamnndi</span> <span class='ocrx_word' id='word_1_194' title='bbox 1058 3120 1082 3173; x_wconf 88' lang='lat' dir='ltr'>ct</span> 
     </span>
     <span class='ocr_line' id='line_1_29' title="bbox 159 3205 1082 3295; baseline 0.01 -25"><span class='ocrx_word' id='word_1_195' title='bbox 159 3209 306 3279; x_wconf 79' lang='lat' dir='ltr'>excitati,</span> <span class='ocrx_word' id='word_1_196' title='bbox 327 3216 451 3284; x_wconf 86' lang='lat' dir='ltr'>propter</span> <span class='ocrx_word' id='word_1_197' title='bbox 472 3205 579 3285; x_wconf 74' lang='lat' dir='ltr'>quid?¹</span> <span class='ocrx_word' id='word_1_198' title='bbox 604 3216 728 3287; x_wconf 83' lang='lat' dir='ltr'>propior</span> <span class='ocrx_word' id='word_1_199' title='bbox 750 3213 1012 3295; x_wconf 74' lang='lat' dir='ltr'>verbnm,=·quod</span> <span class='ocrx_word' id='word_1_200' title='bbox 1034 3219 1082 3279; x_wconf 89' lang='lat' dir='ltr'>do·</span> 
     </span>
     <span class='ocr_line' id='line_1_30' title="bbox 163 3314 1081 3398; baseline 0.012 -24"><span class='ocrx_word' id='word_1_201' title='bbox 163 3321 299 3385; x_wconf 82' lang='lat' dir='ltr'>onerant,</span> <span class='ocrx_word' id='word_1_202' title='bbox 322 3314 492 3374; x_wconf 86' lang='lat' dir='ltr'>manebunt</span> <span class='ocrx_word' id='word_1_203' title='bbox 507 3315 629 3376; x_wconf 82' lang='lat' dir='ltr'>exaltati</span> <span class='ocrx_word' id='word_1_204' title='bbox 652 3316 681 3375; x_wconf 94' lang='lat' dir='ltr'>in</span> <span class='ocrx_word' id='word_1_205' title='bbox 705 3323 877 3389; x_wconf 86' lang='lat' dir='ltr'>aeternum,</span> <span class='ocrx_word' id='word_1_206' title='bbox 899 3323 1009 3384; x_wconf 85' lang='lat' dir='ltr'>nutius</span> <span class='ocrx_word' id='word_1_207' title='bbox 1026 3321 1081 3398; x_wconf 77' lang='lat' dir='ltr'>iant</span> 
     </span>
     <span class='ocr_line' id='line_1_31' title="bbox 164 3407 1083 3500; baseline 0.012 -21"><span class='ocrx_word' id='word_1_208' title='bbox 164 3433 220 3481; x_wconf 88' lang='lat' dir='ltr'>rex</span> <span class='ocrx_word' id='word_1_209' title='bbox 240 3424 303 3490; x_wconf 85' lang='lat' dir='ltr'>est,</span> <span class='ocrx_word' id='word_1_210' title='bbox 325 3407 393 3494; x_wconf 78' lang='lat' dir='ltr'>qui,</span> <span class='ocrx_word' id='word_1_211' title='bbox 415 3418 441 3477; x_wconf 79' lang='lat' dir='ltr'>si</span> <span class='ocrx_word' id='word_1_212' title='bbox 464 3417 587 3479; x_wconf 83' lang='lat' dir='ltr'>daretur</span> <span class='ocrx_word' id='word_1_213' title='bbox 606 3421 705 3500; x_wconf 87' lang='lat' dir='ltr'>optio,</span> <span class='ocrx_word' id='word_1_214' title='bbox 728 3438 788 3482; x_wconf 92' lang='lat' dir='ltr'>non</span> <span class='ocrx_word' id='word_1_215' title='bbox 810 3424 896 3484; x_wconf 87' lang='lat' dir='ltr'>maiit</span> <span class='ocrx_word' id='word_1_216' title='bbox 919 3442 1015 3488; x_wconf 81' lang='lat' dir='ltr'>suom</span> <span class='ocrx_word' id='word_1_217' title='bbox 1037 3443 1083 3489; x_wconf 90' lang='lat' dir='ltr'>cn·</span> 
     </span>
     <span class='ocr_line' id='line_1_32' title="bbox 158 3522 1084 3609; baseline 0.011 -25"><span class='ocrx_word' id='word_1_218' title='bbox 158 3539 281 3594; x_wconf 43' lang='lat' dir='ltr'>‘ronam</span> <span class='ocrx_word' id='word_1_219' title='bbox 304 3522 430 3599; x_wconf 76' lang='lat' dir='ltr'>gloriam</span> <span class='ocrx_word' id='word_1_220' title='bbox 453 3530 483 3583; x_wconf 93' lang='grc' dir='ltr'>ει</span> <span class='ocrx_word' id='word_1_221' title='bbox 503 3525 666 3609; x_wconf 81' lang='lat' dir='ltr'>potentiam</span> <span class='ocrx_word' id='word_1_222' title='bbox 688 3527 832 3589; x_wconf 85' lang='lat' dir='ltr'>dcserero</span> <span class='ocrx_word' id='word_1_223' title='bbox 854 3535 956 3607; x_wconf 86' lang='lat' dir='ltr'>atque</span> <span class='ocrx_word' id='word_1_224' title='bbox 978 3531 1084 3609; x_wconf 79' lang='lat' dir='ltr'>eligere</span> 
     </span>
     <span class='ocr_line' id='line_1_33' title="bbox 164 3626 1084 3716; baseline 0.012 -26"><span class='ocrx_word' id='word_1_225' title='bbox 164 3634 195 3690; x_wconf 80' lang='lat' dir='ltr'>ct</span> <span class='ocrx_word' id='word_1_226' title='bbox 226 3627 354 3691; x_wconf 85' lang='lat' dir='ltr'>retinere</span> <span class='ocrx_word' id='word_1_227' title='bbox 381 3626 461 3688; x_wconf 91' lang='lat' dir='ltr'>Petri</span> <span class='ocrx_word' id='word_1_228' title='bbox 499 3627 624 3704; x_wconf 78' lang='lat' dir='ltr'>gloriam</span> <span class='ocrx_word' id='word_1_229' title='bbox 653 3648 755 3694; x_wconf 88' lang='lat' dir='ltr'>coram</span> <span class='ocrx_word' id='word_1_230' title='bbox 783 3631 892 3716; x_wconf 51' lang='lat' dir='ltr'>Deo„</span> <span class='ocrx_word' id='word_1_231' title='bbox 904 3636 1019 3715; x_wconf 84' lang='lat' dir='ltr'>loquor</span> <span class='ocrx_word' id='word_1_232' title='bbox 1050 3637 1084 3701; x_wconf 90' lang='lat' dir='ltr'>dc</span> 
     </span>
     <span class='ocr_line' id='line_1_34' title="bbox 165 3731 1084 3829; baseline 0.015 -35"><span class='ocrx_word' id='word_1_233' title='bbox 165 3731 337 3801; x_wconf 74' lang='lat' dir='ltr'>churtiano</span> <span class='ocrx_word' id='word_1_234' title='bbox 358 3748 439 3814; x_wconf 73' lang='lat' dir='ltr'>rege,</span> <span class='ocrx_word' id='word_1_235' title='bbox 461 3749 521 3795; x_wconf 93' lang='lat' dir='ltr'>non</span> <span class='ocrx_word' id='word_1_236' title='bbox 543 3734 687 3812; x_wconf 84' lang='lat' dir='ltr'>epicureo</span> <span class='ocrx_word' id='word_1_237' title='bbox 708 3744 767 3823; x_wconf 76' lang='lat' dir='ltr'>etc,</span> <span class='ocrx_word' id='word_1_238' title='bbox 800 3738 900 3829; x_wconf 85' lang='lat' dir='ltr'>immo</span> <span class='ocrx_word' id='word_1_239' title='bbox 926 3750 1013 3806; x_wconf 86' lang='lat' dir='ltr'>certo</span> <span class='ocrx_word' id='word_1_240' title='bbox 1033 3760 1084 3824; x_wconf 80' lang='lat' dir='ltr'>op-</span> 
     </span>
    </p>
   </div>
   <div class='ocr_carea' id='block_1_7' title="bbox 0 0 1134 4170">
    <p class='ocr_par' dir='ltr' id='par_1_7' title="bbox 0 0 1134 4170">
     <span class='ocr_line' id='line_1_35' title="bbox 0 0 1134 4170; baseline 0 1"><span class='ocrx_word' id='word_1_241' title='bbox 0 0 1134 4170; x_wconf 95' lang='lat' dir='ltr'> </span> 
     </span>
    </p>
   </div>
  </div>
 </body>
</html>
