2258 4170
202 99 211 127 Ι

42 173 58 211 ι
98 146 141 235 'J
372 150 444 240 *cap
466 143 495 210 9.
516 101 627 243 lissiae.
880 116 967 206 385

127 323 205 389 ldeo'
219 311 388 388 clamamus
402 324 440 388 et
454 343 634 405 pugnemus
655 330 776 390 summo
798 304 913 423 s'tudio3v
930 331 965 387 ut
1076 409 1081 418 .

42 427 247 497 conservetur
259 422 342 495 ce'rta
356 441 385 492 et
396 433 510 494 diserta
533 426 625 509 atque
647 420 965 529 indubitatatdistin'cs
1007 463 1028 499 ,‹

43 541 98 614 lio,
113 547 145 600 et
164 539 289 618 proprio
310 537 460 615 cuiusque
482 545 581 601 status
603 535 754 629 definitio&
768 537 851 614 quod
874 553 964 600 oeoo-

43 644 148 706 nomio
188 644 345 722 pertineat·
368 643 407 704 ad
444 641 694 720 gubernationem
731 643 1015 737 liberorum'··ac='
1099 693 1102 701 .

34 740 186 821 'tonitrua
209 756 241 811 ut
254 757 397 826 parentes
418 757 526 824 regent
547 738 679 822 domurn,
696 756 729 811 ut
750 749 862 826 politici
884 750 967 826 prin·
988 733 996 746 ’
1052 774 1055 778 ’

46 857 132 934 cipes
148 851 317 932 gubernent
328 852 556 931 rempublicam,
579 852 692 924 subditi
710 841 966 928 obedientium,
1039 928 1041 932 ¹
1072 882 1075 889 ,

24 969 77 1043 *nt
99 963 128 1022 in
151 961 285 1023 ecclesie
308 961 453 1022 doceatur
475 959 608 1036 cognitio
630 957 681 1020 filii
699 959 766 1033 Dei,
788 968 820 1024 ut
841 962 969 1023 creden-

31 1075 93 1153 tes
107 1081 216 1128 omnes
230 1066 419 1127 consentiant
437 1066 467 1126 in
489 1062 617 1162 eundem
639 1066 783 1128 infantem
801 1048 891 1129 nobis
913 1069 968 1129 da·
1049 1111 1052 1117 ·

34 1179 109 1233 ‘tum
131 1178 163 1233 et
182 1178 302 1244 netum,
335 1179 368 1233 ut
385 1146 563 1234 occidamus
585 1178 758 1249 peccatum,
788 1157 821 1235 ut
842 1173 968 1249 adjuve—
982 1245 987 1251 ,

48 1286 116 1340 mbs
129 1287 161 1340 et
179 1279 377 1340 sublevemus
399 1278 519 1339 tratrem
541 1279 670 1355 lapsum,
693 1285 742 1339 nt
747 1280 969 1343 subveniamus

48 1384 164 1460 egenis¹
187 1366 379 1446 olfaciamus
392 1399 486 1460 opera
499 1384 579 1444 vitae
591 1391 696 1445 contra
715 1392 851 1456 mortem,
872 1389 969 1463 'opera
1020 1456 1021 1460 Ἰ

45 1489 186 1565 iustitiae
208 1485 312 1551 contra
334 1497 507 1566 peccatum,
522 1500 630 1569 ‘opera
651 1489 873 1559 consolationis
895 1509 969 1580 con·
1025 1496 1030 1501 “

44 1602 92 1671 ιιι
105 1596 328 1658 conscientiam
338 1596 468 1669 anniam,
491 1604 596 1658 contra
608 1595 763 1658 diabolum
778 1604 809 1658 ct
822 1597 970 1676 despera·

43 1703 170 1774 tionem,
197 1710 228 1765 ut
248 1717 449 1765 exerceamus
470 1701 624 1763 internos
648 1696 783 1765 mutuam
805 1705 992 1779 caritatem

43 1816 77 1870 ut
89 1807 557 1880 nonscindamusooncordianr,
570 1814 602 1868 ut
618 1808 975 1899 largiamuneleemosyss'
1016 1880 1020 1896 Ι
1076 1881 1085 1888 ⁸

42 1908 104 1975 nis
143 1922 201 1976 etc
224 1913 318 1975 Haec
335 1912 485 1990 pertinent
513 1912 551 1973 ad
582 1899 776 1977 eeclesiam
796 1916 858 1978 Sed
893 1917 971 1980 baec
1024 1895 1026 1900 ³

26 2036 146 2098 opera
167 2036 228 2081 non
250 2025 321 2110 suut
343 2019 467 2095 propria
488 2018 641 2135 ecclesiae
661 2036 770 2097 opere,
798 2023 856 2083 nisi
877 2021 971 2086 iluent
1047 2011 1078 2094 ᾖ

45 2125 143 2187 cfide
157 2133 188 2187 et
210 2102 344 2186 caritate.
417 2152 418 2157 ι
667 2186 673 2199 s

132 2231 218 2292 Haec
248 2229 401 2292 distinctio
429 2230 507 2291 inter
528 2231 679 2308 politiam,
710 2219 921 2295 oeconomiam
938 2243 974 2301 ,et

47 2338 218 2399 ecclesiam
246 2334 405 2412 diligenter
432 2335 587 2397 servanda
614 2343 676 2407 cst,
713 2344 743 2398 et
770 2354 975 2417 unaquaequo

47 2441 130 2504 intra
145 2458 221 2504 suos
241 2428 588 2504 terminos‘co'ercenda.
623 2441 660 2503 Et
680 2443 823 2521 quemvis
846 2444 975 2527 summis

48 2548 170 2611 viribus
184 2548 213 2608 in
226 2546 545 2618 hocincubuerimus,
568 2554 669 2609 tamen
690 2556 778 2611 satan
801 2566 862 2612 non
883 2549 975 2613 finem

48 2654 143 2715 laniet
159 2652 238 2715 baec
254 2653 401 2716 miscendi
423 2668 460 2714 ac
467 2652 632 2726 turbandi,
653 2670 711 2716 nec
732 2637 867 2734 unquam
883 2656 974 2720 defu
977 2668 980 2675 '
1048 2695 1052 2701 -

49 2761 110 2823 turi
135 2767 218 2834 sunt,
241 2761 292 2837 qui
316 2775 351 2822 se
373 2758 450 2839 intra
472 2759 618 2823 terminos
632 2774 709 2822 suae
730 2761 893 2824 functionis
913 2781 974 2827 non

50 2867 115 2929 sint
132 2865 323 2930 contentari
343 2858 515 2942 Spirilnosi
536 2863 659 2926 fanatici
674 2859 976 2932 acseditios'idocto-

51 2988 103 3037 res
133 2989 192 3035 non
227 2971 357 3037 contenti
384 2986 442 3034 suo
468 2984 594 3032 munere
619 2931 773 3048 politicam
802 2975 893 3035 etiam
922 2975 975 3041 ed·

26 3058 305 3140 'ministrationem
329 3076 388 3140 sibi
410 3082 541 3139 sumunt
585 3075 695 3139 contra
716 3081 858 3156 politicus
879 3082 976 3160 magi·

55 3190 173 3255 stratus
195 3199 240 3245 ec
269 3184 423 3262 principes
454 3183 572 3245 mittunt
593 3200 680 3246 suam
699 3183 794 3249 'etiarn
818 3187 927 3248 falcem
947 3189 976 3248 in
1024 3199 1032 3268 2
1058 3219 1061 3227 ·

55 3306 191 3354 messem
206 3290 346 3362 alienam,
367 3304 542 3364 manusque
556 3304 632 3350 sues
642 3289 812 3367 admovent
829 3294 980 3383 ccclesiae

52 3395 269 3473 gubernationi
298 3404 328 3458 et
360 3395 429 3457 hic
427 3400 565 3474 quoqne
585 3394 744 3475 imperium
766 3397 826 3460 sibi
846 3407 977 3462 sumunt.

52 3501 104 3564 Sic
118 3508 208 3565 satan
221 3517 345 3579 semper
361 3501 464 3603 habet,
486 3500 553 3581 qui
560 3500 658 3564 nobis
670 3500 722 3564 hic
743 3506 849 3568 turbas
872 3499 979 3570 mo've·
1051 3522 1061 3543 s

51 3600 127 3680 ant'
137 3616 168 3670 et
179 3625 256 3670 suae
269 3609 445 3672 vocationis
456 3608 665 3687 praescriptos
685 3610 796 3701 limites
818 3596 977 3694 excedant

72 3706 235 3789 Quare
261 3719 356 3795 opere
378 3716 478 3778 danda
500 3722 688 3794 cermagna,
709 3691 742 3780 ut
763 3719 861 3800 probe
879 3729 912 3783 et
927 3716 980 3786 di·
1054 3709 1078 3809 J
1114 3724 1116 3732 ’

42 3828 171 3883 ῑιιιιιιοιι
186 3829 243 3889 opp
236 3843 316 3889 erup
332 3831 383 3878 Vol.
396 3832 518 3896 xxltl.
577 3892 581 3897 .
637 3896 643 3911 ἱ
726 3837 773 3909 25
842 3840 864 3887 .'

259 3910 281 3961 ‘a
