2258 4170
45 134 48 139 ¹
101 160 165 243 ³12
423 163 567 227 anm-to
588 164 702 226 ube'rior

103 353 151 410 est
171 343 409 422 comprehensa,
444 344 528 424 quod
561 360 616 423 per
636 343 792 407 christum
812 359 910 411 samue
927 349 977 418 tm
1039 386 1043 425 1

104 453 160 513 rati
178 469 195 512 a
217 458 324 523 morte,
345 457 486 530 peceato,
506 453 576 527 tage
596 451 750 521 minimis.
771 465 810 511 ae
830 454 978 523 mnuauu
1037 488 1043 529 ι

27 550 36 575 ‘
104 574 230 635 regnum
253 557 348 628 vitae,
377 555 515 633 iustitiae
543 571 591 633 ae¹
611 556 709 634 pasis.
752 555 827 618 item
854 558 981 633 monens

104 680 162 725 nos
183 662 264 724 titios
291 678 363 723 esse
384 661 455 736 Dei,
489 663 587 725 Deum
618 677 692 724 esse
723 668 840 739 patrem
870 673 983 744 nostum
1039 677 1043 732 t

105 767 258 831 christum
281 768 419 839 tratrem,
455 784 513 839 nos
540 765 731 829 cohaeredes
753 765 872 838 christi.
893 767 984 845 judiees

105 877 291 953 angelorum,
313 872 678 952 prinsipesdiabotomm.
706 864 990 953 Omnia-nostraemt,

106 999 162 1043 nos
184 987 285 1043 autem
308 978 428 1048 christi,
449 978 545 1056 inquit
565 980 726 1056 apostolas
748 976 764 1042 i
789 977 855 1049 ¹(ion
875 976 904 1042 3.

189 1085 249 1147 Sed
273 1085 343 1162 quis
364 1082 442 1145 haee
464 1083 581 1145 crediti
610 1083 807 1155 iudaeorum,
828 1091 859 1146 et
879 1089 998 1163 propias

105 1192 196 1253 etiam
217 1197 341 1253 nostrae
375 1189 535 1266 opiniones
558 1195 589 1250 et
616 1189 824 1252 dubitationes
851 1191 1001 1268 impediunt

106 1303 139 1358 et
160 1295 338 1374 prohibent,
369 1296 556 1383 quominus
578 1302 639 1355 tarn
661 1301 837 1357 constanter
856 1293 929 1364 haee
945 1314 1004 1360 ue·

107 1402 189 1474 dere,
211 1407 243 1462 et
263 1401 354 1463 nobis
376 1405 459 1463 carto
482 1396 668 1476 persuadere
689 1400 858 1477 possimus.
883 1401 1003 1478 Abjeetis

106 1507 210 1584 itaque
239 1505 426 1569 iudaeorum
459 1505 594 1593 erroneis
623 1514 654 1567 et
679 1505 788 1583 impiis·
805 1506 1002 1584 opinionibus

107 1611 253 1690 sepositis
274 1619 305 1673 et
331 1612 444 1674 nostris
475 1611 751 1690 speculationibus,
780 1611 1004 1692 argutationibus,

109 1717 236 1779 rationis
257 1724 381 1778 nostrae
403 1733 440 1778 ae
461 1715 716 1786 dubitationibus.
745 1716 786 1778 de
811 1715 999 1784 antechristo

108 1829 224 1884 textum
254 1822 337 1899 loqui
366 1838 426 1883 non
462 1822 663 1897 ambigamus.
699 1818 738 1883 'Si
759 1821 792 1883 in
810 1823 881 1885 soto
902 1821 997 1889 cbristo

109 1926 321 1996 manserimus,
341 1930 406 1986 turn
428 1927 521 1988 verba
542 1933 653 2000 textus,
674 1928 702 1989 si
723 1943 788 1991 nou·
807 1928 879 1990 vino
892 1927 998 1992 inebria·

110 2032 207 2093 verint
233 2047 305 2105 nos,
336 2037 417 2093 certe
445 2030 542 2095 ubera
569 2016 773 2108 promebant,
806 2041 838 2095 et
860 2033 936 2096 iente
958 2051 998 2099 not

109 2137 243 2199 reficient
264 2143 294 2198 et
315 2137 403 2197 alent
431 2184 433 2189 .

191 2243 276 2304 Haec
297 2240 375 2314 dixi,
396 2246 430 2303 ut
450 2241 591 2303 amolirer
611 2258 719 2305 omnes
748 2244 827 2306 alias
855 2245 1001 2321 opiniones,

37 2366 40 2371 ·
110 2354 205 2426 utque
233 2353 315 2408 certo
345 2353 549 2410 statueremus
577 2346 757 2424 prophetam
778 2349 848 2411 *bie
881 2349 921 2412 de
952 2352 1003 2414 soto

111 2451 230 2516 cbristo
263 2452 360 2539 ioqui,
391 2459 423 2513 ut
452 2450 513 2514 hoe
544 2451 663 2515 firmum
695 2453 924 2517 tundamentum
954 2463 1006 2527 stet,

112 2559 194 2637 quod
218 2559 304 2619 sotus
317 2542 456 2620 Christus
478 2559 518 2620 sit
538 2574 593 2619 rex
609 2557 746 2634 justitiae
767 2568 798 2621 et
818 2560 909 2641 paeis
927 2569 1006 2623 aeter·

111 2679 177 2724 nae.
219 2663 325 2725 Nutius
348 2665 481 2725 mortalis
511 2680 566 2724 rex
597 2662 704 2726 habuit
724 2670 880 2726 aeternnm
902 2682 1006 2742 paoem,

112 2783 169 2829 nee
192 2767 265 2829 dare
286 2784 354 2829 eam
376 2775 487 2845 potest,
508 2769 609 2845 nultus
634 2767 741 2831 habuit
762 2776 920 2831 aeternam
935 2770 1009 2846 justi-
1041 2772 1043 2779 '

114 2872 202 2957 tiam,
226 2889 282 2933 nee
304 2874 376 2935 dare
398 2873 508 2951 potuit,
535 2874 637 2935 nultus
658 2873 730 2936 vieit
751 2879 880 2937 mortem
902 2883 933 2936 et
951 2892 1011 2953 peu

114 2985 223 3048 catum,
244 2966 344 3039 nutius
367 2978 425 3054 tegi
438 2978 593 3049 satisfecit
616 2980 716 3042 nultus
737 2979 836 3058 potuit
857 2989 911 3043 ant
924 2989 1014 3058 potest

114 3083 331 3144 conscientiam
354 3083 491 3171 liberare
503 3099 522 3144 a
534 3084 702 3161 pavoribus
723 3092 754 3148 et
765 3087 948 3149 tremoribus
967 3096 1014 3150 eta

113 3185 193 3262 mgo
227 3187 368 3249 standum
404 3196 433 3249 et
473 3188 661 3252 haerendum
691 3190 721 3253 in
756 3192 957 3268 grammatica
985 3209 1020 3254 aa

114 3308 208 3353 sensu
231 3292 346 3364 literati,
366 3309 422 3355 nee
443 3293 533 3379 aliter
549 3293 600 3357 bie
621 3297 707 3359 tonus
720 3295 912 3373 intelligatur,
933 3315 1016 3377 quam

114 3396 153 3457 de
174 3395 233 3457 boe
255 3413 316 3459 uno
330 3414 410 3473 rege,
422 3399 485 3476 ,qni
505 3401 545 3461 sit
567 3416 638 3461 vere
659 3387 739 3463 iilius
751 3400 816 3473 Dei,
836 3400 1017 3467 immotiaus

114 3500 192 3576 ipse,
214 3503 322 3578 plenus
343 3504 439 3580 gratia
461 3513 492 3566 et
509 3505 643 3577 veritate,
665 3513 694 3567 et
715 3506 933 3581 tamenbomo,
953 3509 1018 3584 quta

115 3614 300 3682 puernatus
322 3616 447 3670 estete.
540 3666 543 3671 .

195 3709 281 3774 Jaeto
304 3730 383 3775 nune
403 3712 464 3776 bue
486 3675 877 3781 tundamentoaceedamus
899 3717 938 3781 ad
960 3725 1017 3781 tex·
