2258 4170
162 170 237 250 ’θ’
365 187 469 269 Caput
476 187 721 276 quadragesimum
738 194 886 267 ootnvunr
964 188 1007 314 ’

98 361 359 444 luminarios,
397 365 448 443 qui
483 372 630 427 conantur
666 365 732 445 suis
764 364 874 429 studiis
901 381 937 428 se
962 346 1077 443 aliquid

27 526 30 535 .
30 438 73 559 'g
164 471 337 544 effecturos,
359 479 390 534 et
410 470 506 532 fidunt
528 469 854 550 openoussnts1)]
856 464 950 552 Ego,
972 472 1076 550 iniquit

29 588 31 603 ²
106 642 108 646 Α
163 585 287 657 propter
297 579 377 640 ritum
398 576 536 639 duritiem
559 585 591 639 et
602 568 728 640 frontem
742 592 863 640 aeream
879 594 975 671 cogor
988 594 1075 655 prae·
1117 638 1120 649 ,

135 680 264 745 'disere
286 685 346 747 istu
367 685 483 756 tuturo,
505 702 553 757 ne,
575 701 643 746 eum
667 692 776 762 postea
797 685 955 757 evenient
978 693 1018 745 tu
1039 700 1077 745 ea

161 791 278 853 tribuas
300 791 389 854 idolis
411 791 471 853 tuis
509 800 539 853 et
568 790 803 868 justitiaetuae.
845 790 897 853 Sie
924 791 1075 851 babemus

135 901 141 917 ·
166 898 457 960 nosremissionem
481 897 890 976 peecatorumpromissam,
912 898 1074 974 antequam

46 988 68 1036 ·’
164 1018 308 1065 essemus
329 1005 399 1066 nati.
438 1003 497 1066 cur
517 1003 605 1079 igitur
626 1008 688 1062 tom
710 1002 790 1062 stulti
814 1018 930 1074 sumus,
953 1008 985 1087 ut
1008 1019 1072 1077 earn
1115 1028 1119 1034 ¹

59 1169 76 1183 ,,
164 1108 278 1168 nostris
299 1108 495 1184 operibuset
517 1107 598 1168 idolo
610 1114 716 1167 nostro
729 1104 917 1168 tribuamus?-
945 1107 1007 1168 Se'd
1029 1117 1087 1169 est'

162 1214 281 1279 terreus
302 1202 450 1284 nervus„
469 1221 498 1274 et
525 1214 606 1274 irons
637 1228 742 1280 aerea,
776 1211 846 1272 ideo
882 1220 912 1273 et
934 1213 1074 1289 papistae

163 1335 223 1379 non
253 1327 383 1394 possunt
410 1318 504 1407 flecti,
537 1326 566 1380 et
589 1317 733 1378 haeretiei
761 1299 856 1378 nostri
884 1318 1075 1395 pertinaciter

99 1484 109 1491 ,
163 1424 310 1486 resistunt
331 1424 456 1496 imitati,
478 1430 509 1484 et
522 1439 562 1484 ne
581 1423 703 1522 quidem
715 1420 912 1492 horribilibus
927 1424 1074 1501 exemplis

119 1607 126 1617 .
159 1546 296 1692 suorum.
310 1529 414 1591 mobiti
436 1528 630 1606 resipiscunt.

335 1680 450 1796 [Quae
472 1717 634 1788 audisti,
659 1716 746 1778 vide
768 1714 906 1779 omnia.

58 1869 62 1876 ·
127 1883 160 1927 4.
246 1844 337 1906 Verte
359 1845 419 1913 sio:
446 1844 553 1926 Omnia
568 1842 651 1905 baso
668 1843 758 1906 audis
772 1852 802 1906 et
812 1842 915 1924 vides„
930 1850 1075 1929 ettamen

53 2032 57 2037 .
105 1958 107 1963 ’
163 1967 223 2011 ιιοιι
248 1951 447 2019 annunciasti.
489 1948 640 2011 Pertinent
672 1955 772 2010 autem
801 1948 901 2010 omnia
929 1947 1009 2015 haee
1037 1949 1075 2009 ad

163 2054 393 2117 contundendos
416 2054 690 2132 pseudodoctores,
725 2061 757 2115 ut
783 2060 907 2115 revocet
928 2055 1075 2133 populum
1101 2066 1104 2071 ·

98 2177 99 2181 ¹
134 2212 136 2217 .
165 2160 203 2221 ad
227 2161 352 2222 verbum
374 2177 462 2222 suum
479 2162 503 2220 ‘a
526 2159 626 2232 vanis,
643 2158 752 2220 studiis
773 2158 940 2220 idolatriae.
984 2160 1077 2221 Prae-

103 2333 105 2337 ·
165 2252 257 2337 dic'oo
286 2266 398 2343 inquit,
433 2273 462 2325 et
503 2264 643 2344 promitto
674 2279 770 2334 nova,
804 2252 892 2341 quae'
916 2245 1074 2342 nunquam

50 2405 52 2409 <
102 2428 105 2434 ,
163 2370 315 2445 cogitasti,
337 2371 385 2429 iila
407 2370 496 2429 etiam
519 2360 581 2430 tum
604 2366 785 2428 abscondita
807 2375 885 2440 sunt,
908 2385 978 2431 oum
999 2370 1107 2441 dico..¹

61 2474 64 2482 '
162 2475 218 2535 sed
242 2474 366 2535 veniunt
397 2483 497 2535 tamen
520 2491 578 2536 suo
608 2482 754 2552 tempore.
800 2474 866 2536 Vos
903 2480 1006 2535 autem
1039 2491 1077 2535 ne

163 2596 225 2641 uuo
248 2579 372 2656 quidem
403 2580 452 2641 dis
488 2569 643 2657 praescire
672 2579 753 2640 ‚bueo
791 2579 940 2671 potestis,
977 2581 1077 2659 prius·

165 2700 257 2763 quam
279 2684 363 2746 fiant.

210 2832 596 2948 transgressorem
607 2874 652 2935 ab
674 2881 794 2935 utero
806 2873 948 2935 vocavi
970 2881 1015 2934 te.
1106 2941 1109 2949 ¹

51 3022 56 3036 =
141 3046 144 3053 .
249 3001 297 3060 Ab
330 3009 441 3063 utero
453 3009 580 3063 uocatus
621 2987 656 3062 es
687 3009 931 3081 transgressor,
951 3001 1077 3081 mereris

170 3106 228 3167 diei
252 3115 471 3182 transgressor.
513 3109 561 3167 Ab
583 3116 667 3167 utero
690 3108 768 3168 enim
795 3108 874 3167 idern
897 3084 959 3179 est,
992 3107 1077 3184 quod

163 3285 372 3299 -ῃ

20 3396 31 3426 ¹.
139 3344 158 3423 Χ,
238 3374 267 3443 1)
289 3375 336 3427 Ed.
367 3351 433 3427 1532
465 3376 503 3427 sio
522 3377 631 3457 pergit:
667 3343 829 3443 tiroaldus,
850 3389 897 3426 our
922 3389 975 3426 non
1006 3374 1079 3428 neoti

64 3482 67 3505 ι
141 3451 145 3464 ’
166 3471 267 3536 possint
286 3471 413 3536 papistne.
444 3456 507 3520 'itio
518 3469 609 3536 uides,
627 3483 673 3521 our
691 3469 818 3521 haeretiei
834 3469 918 3521 nostri
936 3470 1079 3537 pertinaci·

72 3556 77 3565 '
168 3571 209 3615 ter
234 3564 358 3615 resistant
377 3565 483 3615 veritati
504 3572 539 3614 et
561 3579 593 3615 ne
618 3563 722 3633 quidem
750 3562 918 3616 horribilibus
947 3564 1080 3633 exemplis

167 3668 273 3710 suorum
297 3658 388 3723 moniti
418 3659 580 3725 resipiscant.
617 3654 731 3712 Ferreus
748 3660 818 3712 enim
845 3671 944 3721 nervus
964 3666 1006 3714 ert
1024 3676 1081 3714 eer-

105 3769 107 3777 ’
162 3752 206 3803 vix
226 3767 318 3804 eorum
339 3759 366 3803 et
383 3751 458 3807 frons
479 3767 567 3809 aerea.
599 3754 605 3760 '
653 3794 670 3825 ,u
