2258 4170
110 160 179 229 48'
320 162 668 247 Olput-quelregesimum
690 179 819 246 quartum
863 166 866 174 ’

80 429 87 443 ⁸
108 345 222 410 etitiem
244 346 274 407 in
296 348 507 426 vernemetis,
528 369 596 414 eum
609 350 780 413 exhibetet
801 348 903 410 donet.
947 347 1029 410 ldole
1045 354 1052 431 f

55 524 59 529 ,
111 460 213 513 nutem
234 460 264 514 et
285 469 391 543 eorum
412 454 555 520 doctores
577 435 648 521 sunt
675 457 747 519 veni
774 462 952 532 nugatores.
995 450 1058 515 Sis

110 559 185 637 quid
205 559 310 621 dicunt
332 561 379 622 vel
400 559 590 638 promittunt,
613 580 674 625 non
696 559 804 633 confit,
824 560 913 635 sicut
933 575 1028 636 supro

53 690 56 697 ¹
109 650 199 726 dixit:
219 664 301 728 Finis
323 682 429 728 eorum
451 675 500 731 est
521 671 669 733 conlusio.
830 678 835 683 ’

190 770 287 834 Notus
309 772 509 836 Hebreismns
532 783 596 837 est:
616 774 765 837 Lnudete
793 770 884 843 coeli,
919 771 1026 838 idest.

20 873 23 886 '
107 877 258 955 quiescis
294 877 333 939 de
361 881 465 953 coelo,
501 882 548 942 vel
571 882 630 944 snb
659 881 761 950 coelo,
793 884 827 941 ut
858 878 885 938 si
909 876 1024 938 dicam:
1051 896 1054 901 ¹

73 1072 76 1078 ι
105 978 223 1046 Leudet
244 984 330 1046 Albis
346 985 506 1048 Dominum
528 1003 584 1065 pro
606 986 687 1048 dono
711 983 797 1047 verbi
818 981 978 1059 invulgati,
995 981 1040 1047 id.

106 1089 189 1168 ειη,
210 1089 444 1170 Wittemberga‚
467 1092 514 1155 v‘el
540 1084 577 1176 [ἰί
597 1093 648 1170 qni
670 1097 741 1154 sunt
763 1090 802 1152 ad
825 1090 935 1151 Albim.

167 1278 271 1342 Haec
291 1280 393 1344 dicit
413 1282 600 1345 Dominus
621 1279 846 1357 redemptor
866 1250 970 1341 tuus.

16 1446 19 1450 -
136 1446 139 1451 ·
185 1410 282 1472 Finita
303 1409 509 1488 disputatione
531 1400 652 1473 de'fide
672 1409 703 1471 in
725 1407 878 1511 Christum
902 1414 934 1468 et
952 1407 1021 1468 doc·

104 1514 182 1577 trine
202 1515 299 1588 fidei„
320 1517 428 1581 sternit
456 1518 526 1580 sibi·
541 1519 623 1580 vium
645 1516 683 1578 nd
706 1516 853 1593 populum
876 1515 905 1574 in
928 1514 1022 1590 copti·

3 1636 7 1654 ⁴
107 1622 199 1685 vitate
220 1614 452 1700 Babylonicum
478 1625 627 1702 positum.
660 1621 718 1700 qui
740 1622 805 1682 'eret
821 1629 889 1698 per
909 1617 1020 1696 cyrum

21 1734 22 1738 ’
104 1728 296 1801 liberandus,
318 1729 408 1806 quasi
430 1729 526 1791 dicat:
550 1731 688 1792 Servate·
706 1722 802 1788 verbe
825 1742 910 1797 mea,
944 1740 1022 1809 quoe

106 1833 186 1898 dieo.
229 1834 280 1896 Sic
301 1833 361 1907 liet,
382 1843 418 1898 ut
437 1841 557 1913 praeter
577 1835 711 1899 omnium
723 1833 897 1910 opinionem
915 1830 1024 1892 libere·

105 1940 176 2001 mini
200 1957 254 2018 per
274 1942 575 2023 meampotentiam',
599 1948 759 2019 ¹utcunque
788 1936 837 2000 alii
868 1954 919 1999 me
947 1943 1024 2023 tem·

107 2062 199 2124 quem
223 2039 372 2109 infirmum
395 2047 489 2110 Deum
511 2048 636 2110 rideant.

215 2240 218 2245 '
310 2236 512 2300 Formator
532 2244 621 2318 tuus
643 2253 688 2298 ex
711 2210 829 2297 utero.

83 2361 106 2415 ‘-
185 2366 241 2426 Hie
262 2341 506 2435 nidesliberum
541 2365 725 2439 arbitrium}
768 2363 823 2425 Est
845 2371 952 2425 autem
975 2364 1024 2425 hie
1049 2358 1056 2399 '-

105 2470 275 2548 scripturae
305 2487 373 2532 mos
404 2472 505 2531 omnin
527 2471 657 2532 tribuere
678 2472 759 2544 Deo,
793 2471 892 2548 quod
914 2472 1023 2544 omnio,

23 2643 30 2654 ,
104 2594 186 2671 quoe
196 2577 389 2655 accipimus,
417 2577 477 2649 sint
504 2577 594 2647 nobis
602 2578 843 2659 praedestinate
864 2577 905 2638 eb
928 2585 1021 2682 utere¹

1 2756 7 2768 .
103 2701 143 2747 ne
165 2685 281 2747 scilicet
298 2674 558 2801 superbiemus)

311 2869 449 2954 .[Ego
472 2888 552 2935 sum
575 2871 764 2937 Dominus.

184 3000 321 3079 Respicit
341 2999 433 3063 idole.
476 3001 616 3064 Conlutnt
645 3000 725 3061 enim
758 3016 866 3063 omnes
900 3008 1020 3069 contre·

101 3107 167 3173 rins
189 3107 361 3185 religiones
382 3114 416 3167 ut
436 3107 590 3169 dicemus:
612 3107 696 3168 Deus
711 3106 888 3199 turcarum
908 3106 1018 3170 indee-

101 3231 202 3285 orum,
236 3196 425 3291 pnpistnrum
436 3204 639 3277 nihilfecit
681 3212 792 3275 Noster
813 3221 914 3293 nutem
938 3214 1052 3277 Dens.

63 3336 65 3340 “
101 3321 172 3383 lecit
194 3321 303 3381 omnia.
347 3321 413 3380 Hoc
434 3318 514 3381 enim
537 3320 616 3391 vuit,
638 3336 706 3389 cum
729 3317 816 3380 dicit:
853 3318 918 3395 Ego
940 3336 1047 3394 sum„

102 3436 132 3491 et
153 3428 253 3493 nullus
275 3424 429 3504 mecum]‚
452 3433 484 3487 ut
506 3420 668 3506 seilicet¹)
693 3425 1018 3519 probet'singularitn-
1046 3502 1049 3513 Ι

105 3570 314 3588 Μ

18 3707 22 3714 .
55 3673 59 3677 ·
83 3672 87 3685 ·
118 3644 123 3668 '
173 3656 205 3732 ⁶)
225 3619 356 3718 riserint
372 3660 554 3715 liberationem
574 3677 607 3716 ex
626 3649 769 3730 Babylone.

167 3760 199 3829 1)
220 3757 314 3829 lned.
336 3755 406 3816 teet
425 3765 479 3819 est:
498 3765 529 3813 ut
547 3756 576 3814 S.
