2258 4170
105 157 170 225 480
193 110 197 115 ²
222 166 248 230 K
429 122 572 223 mantuo
593 110 709 225 utamur

384 341 562 423 Vidimus
584 339 668 422 alum
689 349 749 404 etc

188 446 254 509 Nun
277 462 347 509 sum
367 444 529 513 libraeus.
555 448 623 511 Hac
642 455 706 520 ast,
733 444 820 525 quod
842 445 931 519 dixit,
949 463 1002 511 sur·

107 554 196 615 culus
224 552 291 613 sina
318 552 408 629 gleba
437 560 468 614 et
494 552 623 616 humore
643 553 776 627 arescit,
802 551 941 624 meritur,
971 554 1004 615 itt

77 668 81 676 ·
104 658 154 751 illa
175 665 232 729 est,
254 664 399 734 tanquam
419 674 478 720 nou
500 657 620 721 habens
640 658 806 725 numerem
829 657 897 719 siue
916 658 1004 747 spacia

106 772 137 825 at
162 778 236 839 spa,
266 763 443 840 simpliciter
470 764 500 825 in
527 761 593 839 huc,
615 766 720 827 omnia
734 769 823 826 -sunt
850 760 1002 839 desparata

107 868 261 928 invenitur
293 866 344 928 hic
375 884 432 930 rex
463 870 492 931 in
525 872 689 948 praesepio
728 855 808 943 vili,'
838 869 1003 931 exulunsir

104 976 262 1051 Aegypto,
289 981 484 1053 contemptus
505 991 526 1036 a
545 976 627 1049 suis,
656 975 739 1038 sieut
755 976 787 1036 iu
807 960 928 1037 Joanna
945 973 1004 1037 ttu-

103 1087 167 1151 tur,
188 1079 266 1154 Quid
287 1079 398 1141 auditis
425 1081 516 1143 euml
551 1078 696 1158 insanit3-
711 1082 803 1154 item,
826 1079 1001 1143 daemonium

103 1184 212 1255 habet,
250 1185 462 1247 Samaritanus
494 1194 557 1265 ast;
599 1189 684 1261 item,
726 1185 826 1248 hamo
872 1192 1002 1262 paccatur,

104 1293 222 1355 amicus
244 1291 431 1369 publicanis,
457 1299 530 1369 pust
552 1293 684 1371 capitur,
703 1289 898 1369 flagellutur,
924 1292 1001 1353 cruti-

103 1398 204 1474 ligitur
227 1414 248 1457 a
273 1397 355 1470 suis,
393 1397 454 1460 hoc
487 1415 559 1460 vare
590 1406 639 1460 ast
669 1399 832 1460 sarculum
862 1397 1001 1459 essa'siat

102 1504 231 1566 humare
251 1513 282 1565 et
303 1504 408 1580 gleba,
435 1504 514 1566 haec
539 1512 601 1578 est,
618 1504 683 1581 ,Dei
703 1511 826 1575 natura.
862 1501 914 1565 Sic
932 1503 1000 1580 pluu-

103 1621 147 1673 tat
177 1612 247 1689 ipse
280 1610 534 1687 pretiosissimum
572 1610 746 1683 surculum,
783 1590 878 1672 suum
910 1624 1001 1686 regen,

105 1715 199 1799 lilium
219 1714 276 1776 Dei
296 1716 327 1776 in
349 1722 429 1777 terra
448 1716 534 1778 arida
540 1734 551 1792 ;
573 1716 645 1794 quid
667 1715 753 1789 inda,
783 1730 923 1803 quassu,
948 1712 1000 1777 dett

106 1822 180 1901 quid
201 1822 261 1884 nisi
282 1822 367 1900 quod
388 1837 428 1883 ex
448 1822 639 1900 sterilissima
660 1821 750 1883 solui
793 1820 862 1882 Non
888 1820 1001 1917 loqpitu

105 1935 208 1997 autem
227 1931 267 1990 de
287 1929 386 1991 larma
412 1927 590 1991 individuali
609 1943 675 1995 ‚seu
700 1927 875 2005 personali,
906 1925 1001 2003 alioqui

107 2036 186 2096 enim
208 2036 263 2096 luit
284 2034 450 2097 sanissima
473 2050 614 2112 corpure,
642 2033 863 2096 constitutione
883 2038 915 2093 et
934 2031 1001 2092 virt·

103 2141 238 2204 cissimis
259 2142 420 2212 sensibus,
451 2140 508 2200 sed
530 2141 699 2211 deforma,
738 2156 803 2218 qua
825 2137 925 2216 gessit
943 2152 1002 2199 aar

103 2240 250 2328 principia
278 2246 460 2319 nativitatis,
491 2253 521 2308 et
548 2242 578 2307 in
605 2247 752 2324 passione
767 2241 1002 2322 comprehensa,

103 2358 171 2435 qual
195 2356 252 2416 luit
284 2362 458 2417 cruentatus
490 2359 521 2414 et
553 2353 719 2424 laceratus,
754 2351 785 2410 in
821 2367 886 2428 qua
917 2357 1003 2411 mmet

102 2463 246 2525 manebat
266 2463 363 2523 torma
384 2457 539 2535 corporis,
560 2474 620 2519 nou
641 2463 829 2521 monstrosa

235 2565 312 2629 Nou
334 2573 396 2628 est
416 2547 738 2641 species,'neque
754 2562 888 2627 decor.

183 2673 249 2735 Non
271 2688 343 2735 sese
365 2672 441 2748 gerit
461 2678 495 2731 ut
515 2685 618 2747 regam
640 2670 741 2742 decet,
772 2684 835 2731 nou
857 2675 910 2731 est
931 2684 1006 2731 urna

102 2790 153 2844 tus
173 2781 235 2845 ulla
256 2795 379 2858 pompa,
401 2794 460 2839 uon
483 2783 622 2845 versatur
641 2775 718 2837 intar
734 2781 941 2854 purpuratos,
957 2791 1009 2853 nar

104 2905 173 2952 cum
203 2886 432 2958 sacerdotibus,
465 2882 661 2961 pontificibus
687 2889 745 2949 etc.
765 2928 769 2933 .
787 2880 851 2943 Sed
881 2896 953 2943 cnm
972 2882 1008 2941 in·

102 2994 174 3057 lima
204 3002 234 3056 et
261 2992 423 3055 maledicta
450 2993 499 3070 (ut
525 2990 586 3066 ipsi
612 2987 696 3064 aiunt
721 2986 832 3051 Johau.
854 2985 897 3066 7)
932 2987 1009 3048 luece

103 3101 223 3181 populi,
250 3116 311 3162 uon
338 3099 433 3173 fulget
454 3096 583 3173 gemmis
603 3101 635 3156 et
655 3109 743 3165 nuru,
771 3076 829 3156 sed
852 3095 950 3156 miser
969 3102 1010 3155 est

103 3215 133 3270 et
153 3223 271 3287 pauper
291 3207 358 3269 sina
385 3204 499 3282 opibus
520 3210 551 3265 et
572 3200 736 3279 splendore
756 3200 836 3272 ullo,
865 3183 919 3262 est
938 3215 1010 3263 unus

101 3332 141 3377 ex
171 3312 348 3376 miserrimis
370 3311 409 3372 de
440 3304 575 3372 extrema
605 3311 691 3381 lusca
721 3306 847 3384 genens
881 3305 1012 3381 humaui.

7 3468 11 3475 .
102 3402 148 3481 An
179 3435 238 3480 nou
267 3418 328 3480 hoe
349 3423 434 3479 asset
453 3417 682 3479 scandalosum·
703 3414 745 3476 illi
772 3411 923 3495 populu?
963 3411 1014 3475 Est

11 3569 18 3588 .
101 3535 202 3593 contra
225 3527 340 3603 legam,
373 3523 527 3601 Leprosua
549 3522 640 3585 debet
661 3521 763 3593 vitati,
796 3522 832 3582 'ut
855 3521 950 3599 apulo
974 3520 1014 3581 ri·

102 3641 146 3695 tat
173 3631 335 3723 Lazarum.
366 3646 426 3692 nan
454 3629 583 3710 admittit
609 3629 649 3694 ad
677 3644 832 3706 mensam,
868 3636 1021 3709 tanquam.

101 3738 283 3817 reprobum..
297 3752 400 3809 curam
429 3737 503 3815 deo,
538 3738 611 3818 quia
636 3736 741 3803 Musas
775 3739 1013 3819 praecipitum
