2258 4170
399 260 406 271 „
429 189 495 265 (inp.
519 154 569 251 53
590 178 699 263 Esaiae.
863 152 865 157 ι
891 144 898 241 ¹,
921 188 929 194 '
961 153 1021 246 521
1060 192 1063 199 '

189 367 343 450 Propheta
363 375 467 446 stupet
488 352 519 430 et
540 369 705 433 admiratur
724 369 806 443 iiiam
817 366 1022 431 incredibilem

100 478 301 557 dignitatem,
323 464 406 555 quod
427 483 514 559 petep
537 477 623 538 mittit
644 476 754 548 filium,
777 472 807 535 'et
827 474 1027 537 inenarrabile

101 584 269 649 eonsilium
291 584 355 655 Dei,
378 582 460 660 quod
484 582 555 665 sinit
577 570 648 644 euru
669 581 815 653 exscindi,
836 578 902 642 deri
921 581 1026 644 unvis-
1106 614 1109 620 »

103 690 230 754 simum·
243 692 384 763 virorum,
405 680 498 769 idque
513 695 645 771 propter
660 696 769 750 nostra
790 672 925 764 pennata.
952 688 1025 749 ideo
1095 742 1106 760 ,,

105 792 229 875 cogitur
264 797 303 860 ad
338 798 458 874 sopiam
492 802 522 857 et
556 792 816 873 ar'npiifieationes.
839 793 913 855 xEst
945 794 1026 856 enirn

75 904 260 985 ,propbeta
280 903 389 967 Esaias
422 900 483 964 boo
516 902 546 962 in
574 903 642 964 ioco
671 900 760 963 vaide
782 898 947 977 eloquens,
975 902 1027 980 qui

107 1017 213 1087 potest
234 1010 361 1071 eandem
384 1025 448 1069 rem
471 1006 539 1070 aliis
559 1015 652 1085 atque
676 1008 743 1068 aliis
756 1007 858 1069 verbis
880 1017 911 1069 et
927 1009 1027 1070 modis

107 1116 222 1193 eloqui.
263 1116 301 1176 Hi
321 1121 392 1176 sunt
414 1113 478 1175 veri
499 1112 648 1185 rhetores,
672 1113 723 1191 qui
746 1113 873 1175 eandem
894 1131 958 1174 rero
980 1114 1027 1174 di-

109 1236 182 1283 eere
202 1228 314 1282 norunt
336 1212 404 1282 aliis
426 1212 520 1296 atque
543 1220 609 1280 aliis
632 1220 734 1281 verbis
760 1219 889 1280 subinde
910 1227 941 1280 et
962 1237 1028 1281 mo·

61 1316 66 1325 '
106 1327 173 1400 dis,
194 1344 233 1389 an
254 1342 378 1403 semper
397 1333 500 1387 tamen
523 1325 636 1401 aliquid
660 1325 773 1387 addere
795 1312 1039 1401 significantius:

107 1432 174 1494 iioe
195 1439 333 1510 possunt
350 1412 615 1507 summa'ingenia
637 1441 666 1492 et
682 1448 821 1493 summae
834 1432 1026 1509 eioquentiae
1111 1418 1115 1429 ’

84 1528 173 1610 'viri
194 1538 289 1599 immo
311 1536 426 1599 videbit
447 1554 535 1599 suam
554 1538 748 1615 voluptatem,
770 1545 863 1614 atque
884 1538 1026 1616 equidem
1049 1608 1051 1613 ,

103 1644 144 1706 ad
175 1644 383 1719 saturitatem,
407 1650 450 1727 ¹et
472 1650 579 1706 omnes
607 1642 657 1704 sui
689 1632 849 1731 eredentes
880 1660 948 1706 euro
973 1661 1024 1723 eo,

102 1751 185 1831 quia
201 1751 302 1812 taetus
329 1756 377 1812 est
408 1748 545 1821 victima,
574 1733 699 1810 sudavit
719 1748 899 1826 sanguinem
917 1736 1028 1810 'nostro
1108 1749 1113 1755 '

101 1874 221 1933 magno
247 1856 346 1928 bono,
380 1864 411 1918 et
437 1872 497 1917 sno
523 1870 642 1930 'magno
665 1855 787 1931 gaudio.
829 1855 901 1932 ipse
928 1855 1027 1916 vietor

99 1949 279 2032 laetabitur,
301 1962 353 2038 qui
370 1970 419 2023 est
434 1969 539 2024 nostra
561 1952 638 2032 vita‚'
649 1959 777 2035 justitia,
800 1964 895 2032 salus,
917 1977 976 2022 nos
998 1961 1026 2022 ei

99 2068 224 2153 gratias
239 2070 396 2144 agemus,
428 2067 511 2145 quod
535 2075 582 2128 est
612 2066 735 2129 excisus
758 2066 796 2128 de
818 2073 897 2128 tarra
919 2067 1026 2126 viven-

101 2175 195 2247 tium,·
212 2178 360 2245 mortuus,
382 2172 475 2234 etita
496 2170 733 2249 vietor'iaatus3
754 2174 911 2252 quomodo
925 2179 1025 2263 autern

104 2258 295 2343 saturabitur
316 2286 346 2341 et
368 2278 484 2340 videbit
505 2294 594 2349 suam
617 2279 826 2357 voluptatem?
854 2360 857 2365 Ι

102 2466 336 2545 inscientia
371 2480 441 2529 sua
473 2438 715 2542 justificabit
745 2483 885 2530 servus
920 2482 1023 2529 meus

415 2571 730 2649 instaurantem·
763 2598 765 2603 ’

189 2699 235 2761 lbi
263 2700 366 2761 tribuit
399 2701 427 2761 ei
461 2717 572 2763 nomen
601 2703 683 2763 servi
711 2702 817 2765 iterum
840 2702 895 2797 qni¹
920 2708 1022 2762 tamen
1063 2732 1066 2736 ⁴
1115 2738 1117 2743 -

103 2815 155 2869 est
179 2805 277 2878 Deus,
306 2814 336 2867 ot
355 2807 471 2870 taciens
494 2825 572 2884 opus
594 2807 664 2878 Dei,
698 2825 735 2869 ae
762 2809 946 2870 voluntatem
968 2805 1022 2866 Dei

101 2910 248 2988 impleus.
291 2910 361 2987 Ipsa
381 2898 492 2974 servus
515 2930 602 2975 maus
629 2912 747 2990 justus.
779 2913 901 2991 dequo
925 2928 1021 2990 supra

78 3070 81 3075 .
105 3006 375 3092 dixitpsoeaturn
396 3034 456 3078 non
477 3019 556 3093 tecit,
578 3034 634 3081 nee
655 3025 703 3080 est
723 3020 866 3081 inventus
881 3019 971 3079 dotus
993 3018 1024 3078 in
1048 3044 1051 3051 ·

105 3138 160 3184 ore
181 3119 266 3199 ejus,
295 3122 386 3213 immo
416 3130 530 3185 tantam
555 3118 774 3202 optima‘ioeit
805 3124 952 3187 salutaria
979 3125 1022 3185 lo·

105 3234 235 3307 quatuo·
253 3226 326 3287 nihii
347 3226 473 3303 dignum
496 3247 594 3306 poena
617 3232 646 3290 in
669 3246 716 3303 eo,
731 3238 768 3292 et
789 3239 890 3292 tamen
909 3230 957 3291 iiie
979 3230 1025 3291 ina

103 3330 344 3417 nocentissimus
385 3332 508 3409 juvenis
551 3343 677 3397 mortem
711 3338 824 3415 patitur
860 3334 1024 3417 prudelero.

105 3438 172 3501 Non
195 3446 245 3502 est
262 3437 447 3514 justificatus
469 3437 529 3501 bae
550 3449 647 3503 morte
670 3454 728 3503 sua
750 3459 767 3503 a
791 3449 928 3519 peccato.
970 3438 1024 3501 Est
1071 3416 1076 3439 ¹

105 3545 268 3614 innocens.
298 3558 398 3620 ugnus
417 3545 644 3635 immaculatus,
680 3556 848 3625 conceptus
869 3563 887 3608 e
909 3545 1022 3622 Spiritu

103 3657 215 3712 saneto
245 3649 312 3710 sine
339 3650 419 3711 omni
447 3659 591 3727 peceato,
626 3651 681 3713 sed
709 3652 768 3714 sibi
797 3670 857 3714 non
886 3650 1022 3712 servabit

102 3754 186 3817 bane
204 3753 353 3832 justitiam
376 3754 426 3821 bie
454 3750 564 3820 servus
585 3758 721 3836 patiens,
752 3758 814 3821 Sed
834 3734 888 3820 'itia
911 3757 1021 3820 enutri·
