2258 4170
402 119 482 194 'Gap
504 63 534 178 9.
555 116 657 177 Esaiae
928 76 992 175 '415
1104 192 1109 199 Ι

161 297 213 358 Sic
235 298 325 358 eliam
339 302 387 358 esi
408 267 678 358 consiliarius
705 293 785 373 Lyra
808 289 992 370 pulalGhri-
1047 352 1052 371 ,

73 413 158 466 sium
190 404 260 465 ideo
294 403 396 463 vocari
427 418 445 461 a
472 401 623 480 propheta
651 398 873 470 consiliarium,
906 397 988 493 quod
1071 419 1075 442 ι
1110 478 1114 487 .

72 509 202 570 consilia
217 507 390 586 praeceptis
399 507 537 583 decalogi
550 506 672 568 addidit.
704 505 764 566 Sed
777 505 855 566 haec
867 488 991 580 indigna

27 594 35 628 ³
71 617 203 687 i,uerunl
223 610 704 694 quaedicerenluraiheologos
696 626 789 687 immo
805 623 989 689 aquoqnam

71 719 197 782 homine
218 711 400 781 Christiano
441 719 507 780 Vos
529 718 671 780 omnibus
692 716 885 779 modishanc
898 714 992 778 scho-

72 827 171 888 larum
184 826 223 888 de
236 826 373 887 consiliis
390 822 570 887 senientiam
582 807 730 886 'damnare
744 811 874 884 delr'elis.
903 820 991 919 Edita
1025 815 1030 835 ¹

72 939 120 993 esi
143 947 161 992 a
183 948 232 992 me
259 947 384 1009 quoque
407 929 530 992 Scheda
551 929 590 990 dc
612 929 665 990 ΧΠ
686 929 822 990 consiliis
857 940 990 1004 evange·

71 1037 147 1098 licis.
191 1037 258 1098 Fuit
289 1038 367 1097 enirn
397 1053 466 1098 meo
498 1043 637 1112 tempore
655 1033 748 1096 -haee
776 1034 990 1111 receptissima

70 1142 245 1218 theologla3
267 1140 464 1204 cllohannes
479 1140 604 1225 Hussin
624 1140 753 1202 concillo
765 1139 990 1202 Conslanliensl

70 1264 140 1310 eam
166 1247 308 1309 delendil.
348 1246 553 1309 Usilalissima
575 1247 631 1309 luit
650 1248 679 1308 in
701 1246 843 1313 omnibus
864 1243 990 1318 scholis,

71 1355 131 1416 sed
163 1353 423 1431 perniciosissima
446 1360 476 1414 et
496 1338 746 1432 pestilentissima
773 1351 910 1413 doctrina
931 1360 988 1414 csl.
1084 1394 1087 1399 -

50 1459 247 1536 ¹Errslinguil
268 1459 348 1521 enirn
370 1459 538 1522 doctrinam
560 1458 711 1536 evangelii
733 1466 765 1521 et
784 1459 873 1535 legis.

126 1635 129 1640 ,
154 1566 300 1643 Pupiniae
321 1582 382 1627 non
402 1567 555 1629 sustinent
567 1580 738 1642 agnoscere
761 1579 889 1636 errores,
911 1563 985 1626 ubu-

66 1688 142 1745 sns,
165 1673 342 1735 idolalricoe
365 1675 481 1747 cultus,
509 1673 621 1734 mullas
643 1672 738 1734 falsas
761 1678 854 1749 alque
871 1671 986 1753 impias

66 1778 227 1840 doctrinas
249 1794 267 1839 a
289 1795 334 1876 se
347 1778 377 1840 in
399 1778 561 1840 ecclesiam
577 1779 715 1840 invectas
729 1793 812 1840 esse.
840 1771 985 1842 &lismona

65 1882 132 1950 luiII
161 1882 222 1968 ispi
261 1882 318 1950 lul
339 1880 454 1965 {duffio
485 1881 767 1962 humiliandae,
781 1899 871 1945 nemo
905 1898 985 1944 nunc

63 1992 145 2053 inter
166 1992 235 2053 iilos
234 1991 427 2087 quidquam
447 1989 587 2069 deliqula,
616 2006 705 2053 nemo
726 1990 786 2052 sibi
810 1990 919 2066 culpae
940 1988 986 2049 ul-

63 2097 127 2159 lius
150 2096 295 2159 conscius
317 2105 375 2159 est.
416 2099 570 2160 accusant
591 2113 649 2158 nos
671 2096 804 2172 graviter
824 2103 855 2157 cl
874 2095 984 2172 impin-

65 2211 143 2280 gunl
163 2203 253 2266 nobis
275 2204 466 2280 disciplinam
488 2221 507 2265 a
528 2204 617 2266 uobis
630 2203 761 2264 solutam
783 2217 864 2274 csse,
884 2217 984 2278 seque

63 2308 263 2387 disciplinam
284 2308 401 2371 habere
421 2310 598 2386 gloriantur.
612 2308 689 2370 ¹Sed
710 2309 737 2369 si
756 2315 889 2388 papalus
910 2298 998 2370 nihil

63 2415 149 2476 aliud
173 2423 343 2493 peccasset,
365 2432 458 2493 quam
477 2416 559 2495 quod
581 2397 746 2476 invenit'el
767 2415 796 2476 iu
819 2414 981 2488 ecclesiam

63 2521 185 2585 invexit
206 2520 370 2582 duodecim
390 2521 441 2582 illa
462 2520 603 2593 consilia,
635 2518 697 2583 hoe
718 2522 766 2581 vel
787 2537 849 2582 uno
870 2520 980 2581 delicio

62 2627 104 2687 ad
129 2628 221 2688 imum
244 2627 350 2687 inicrni
372 2628 402 2687 in
424 2627 524 2704 lgnem
547 2635 702 2689 aeternum
725 2625 879 2688 deturbari
890 2625 980 2686 meri·
1014 2678 1017 2683 .

61 2740 115 2794 lus
137 2738 232 2794 esset.
275 2731 390 2808 Collegi
419 2748 493 2810 ergo
521 2750 558 2795 ea
590 2731 732 2805 consilia,
764 2741 797 2793 ut
825 2737 980 2793 exalarent

61 2838 266 2915 perpetuo-ln
287 2839 436 2911 ecclesia,
471 2845 565 2916 ulque
588 2844 744 2901 manerent
771 2839 801 2897 in
822 2835 979 2907 memoria,

60 2949 92 3004 ct
108 2950 144 3004 ut
161 2960 216 3020 pro
229 2944 429 3021 magnaluce,
452 2938 627 3022 quaenudc
639 2920 731 3006 nobis
751 2951 818 3005 orla
838 2949 894 3016 esi,
914 2942 980 3003 Deo

60 3048 177 3124 gratias
200 3065 368 3126 ageremus

144 3153 232 3229 Quod
254 3155 359 3233 ilaquc
381 3154 460 3234 Lyra
482 3153 568 3229 dicii,
602 3153 753 3227 Christum
782 3121 852 3216 ideo
874 3155 994 3250 vocari·

60 3258 277 3334 consiliarium,
299 3261 383 3339 quod
406 3260 523 3322 addidit
543 3260 671 3323 coasilia
693 3250 871 3337 evangelica
889 3276 979 3337 prac-

25 3378 27 3383 ’
58 3365 175 3442 caplis,
213 3363 274 3427 hoc
306 3372 367 3439 esi,
411 3366 543 3442 quode
575 3366 750 3443 praeceplia
782 3364 977 3455 'rigidissimis

57 3466 200 3532 chrislus
221 3471 488 3559 lecerilconsilia,
522 3472 551 3533 in
579 3487 617 3534 eo
644 3469 828 3557 hornbiiileu
853 3466 975 3533 erravil'.

56 3575 216 3639 Horrenda
239 3578 317 3638 enlm
345 3562 395 3639 est
423 3585 453 3640 el
480 3578 572 3656 plane
600 3568 695 3656 impia
727 3579 864 3638 doclrina
898 3574 976 3636 haec

54 3688 87 3741 el
108 3679 324 3757 Thalmudlca,
358 3684 441 3760 quod
470 3700 488 3744 c
515 3685 619 3762 quinio
642 3682 714 3762 Cap.
738 3684 842 3748 Mullh.
864 3686 975 3777 laciunl
1080 3768 1084 3775 ἱ
