2258 4170
506 139 620 232 Esaiae.
675 156 678 160 ⁴
766 128 768 132 Ι
903 110 912 123 ,
986 165 1026 233 61

110 349 195 430 pbeta
222 350 304 413 euim
333 364 393 413 suo
421 362 508 442 moue
535 351 741 414 eantioumet
762 347 1027 429 quasiepinioion

110 456 195 528 addit,
217 473 281 547 quo
302 456 430 518 insultat
451 455 639 536 Babyloniis.
681 456 789 534 Incipit
809 463 911 519 autem
923 454 1026 519 'a‘de-

108 562 269 625 structione
289 544 457 640 religionis,
478 579 572 640 quam
589 569 697 625 secuto
717 570 766 624 est
780 562 948 625 destructio
970 577 1027 640 po-

107 669 192 730 titiae.
234 667 291 732 Est
304 675 419 735 „autem
447 668 516 730 sine
548 668 642 732 dnbio
674 669 783 731 irrisus
810 666 863 730 bie
891 668 979 731 loeus
1007 685 1026 730 a

105 774 291 855 Babyloniis,
313 762 397 853 quod
419 790 457 836 ea
478 773 569 851 idola,
586 791 721 856 quorum
745 775 848 838 cottus
868 782 941 838 tono
961 789 1028 837 ore·

51 868 53 873 ’
107 880 223 954 scebat,
244 880 398 944 cecidisse
417 879 524 959 iactet

236 1063 379 1127 Fracta
399 1070 492 1127 sunt
507 1063 731 1149 simulacra
750 1077 890 1127 sonum.

188 1192 321 1256 &erunt
336 1207 430 1255 aurea
453 1192 543 1266 idola,
565 1178 757 1270 quae‘cyrus
779 1192 809 1253 in
819 1191 932 1254 Persas
952 1192 1030 1256 inter

105 1298 254 1378 reliquam
294 1298 443 1378 praedam
482 1298 591 1360 deieni
624 1283 750 1383 curavit
797 1296 904 1361 Ludit·
926 1288 1039 1361 autem

106 1403 264 1483 propbeta,
286 1405 378 1482 quasi
400 1405 502 1495 dinato
525 1404 610 1466 idola
631 1402 709 1465 baec
730 1404 816 1465 inere
829 1412 922 1466 antea
943 1405 1028 1467 oneri

107 1510 293 1586 hominibus,
313 1526 395 1573 nuno
416 1511 508 1573 etiam
530 1509 647 1573 bestias
681 1507 819 1588 affligunt
840 1517 876 1573 et
892 1517 1027 1586 onerant,

55 1605 59 1615 ’
106 1633 184 1695 quaa
223 1633 262 1681 ea
298 1618 437 1681 deferunt
469 1617 500 1693 ip
517 1616 662 1692 Persas,
697 1633 759 1682 uon
791 1616 860 1680 sine
892 1619 1027 1682 maximo

106 1722 238 1805 iabore].

137 1927 140 1934 Ι
262 1968 414 2057 'bopsi
435 1966 669 2056 quadragesim
689 1919 817 2038 nortun.¹
968 1984 971 1989 ·
1055 2007 1058 2017 ·

188 2145 358 2226 [Versatur
371 2143 517 2228 adhoo*)
530 2147 559 2227 in
574 2145 833 2225 promissionibus
844 2148 1027 2220 etoonsoia-

105 2253 250 2327 tionibus,
273 2255 408 2316 iuturum
428 2261 464 2316 ut
483 2252 567 2316 Deus
590 2268 644 2331 per
658 2251 771 2332 cyrum
793 2269 869 2316 suos
892 2271 933 2318 ex
953 2272 1028 2335 cap·

103 2361 221 2433 tivitate
239 2357 433 2438 Babylonica
453 2358 571 2437 eripiat.
601 2357 759 2437 Loquitur
781 2344 945 2423 autem'ad
967 2378 1024 2426 eos

86 2464 312 2544 potissimum,
333 2465 387 2544 qni
410 2464 634 2547 solamitaiibus
656 2463 728 2527 vieti
746 2465 955 2544 desperabant
986 2448 1030 2532 de¹

103 2572 295 2643 reductione,
317 2577 347 2632 et
365 2571 571 2650 respiciebant
596 2570 657 2648 jnm
677 2571 717 2634 ad
739 2571 799 2633 niis
819 2573 974 2649 praesidia
994 2581 1026 2638 et

102 2676 141 2738 ad
164 2662 244 2739 aiios
266 2677 362 2740 Deos·
403 2676 456 2739 Sin
477 2677 558 2739 enim
579 2679 678 2740 soient
699 2676 840 2740 homines
868 2680 1025 2742 catamita-

102 2783 186 2845 tibos
208 2783 306 2857 fracti,
328 2781 506 2863 dubitant1)
531 2799 567 2846 se
588 2784 654 2845 Deo
668 2798 760 2847 enrne
780 2799 861 2857 esse,
883 2784 1026 2849 deficiunt

100 2890 195 2965 igitur
217 2888 263 2950 no
280 2887 358 2950 aiios
379 2888 472 2977 Deos
493 2896 523 2951 et
544 2896 696 2968 quaerunt
717 2889 777 2950 aiio
798 2888 921 2953 auxilia.
957 2891 1024 2956 iios

102 2993 262 3079 confirmat
283 2992 444 3072 propbeta,
465 3003 495 3056 et
515 2996 580 3056 vult
601 2995 647 3058 eis
670 2995 864 3074 persuadere,
886 3004 920 3059 ut
940 2994 1024 3060 aerio

100 3100 237 3161 sentiant
266 3117 303 3161 se
331 3100 396 3177 Deo
419 3093 611 3164 curae'esse
637 3107 667 3162 et
688 3100 728 3165 ad
756 3108 879 3180 tempus
907 3109 1022 3167 tantum

102 3203 217 3281 affligi..
1024 3260 1027 3265 ,

184 3308 327 3372 Continet
364 3317 464 3372 autem
494 3310 546 3373 hie
575 3312 662 3375 locos
691 3313 1023 3390 magnificentissimam

100 3415 350 3513 promissionem,
371 3415 483 3494 inqua
504 3431 541 3479 se
562 3423 626 3481 tota
646 3410 856 3482 misericordia
885 3418 1021 3488 effundit.

153 3661 194 3734 *J
211 3663 319 3717 Summa
337 3658 401 3730 Gap.
418 3657 463 3715 ab.

154 3756 191 3825 1)
208 3756 239 3811 ln
257 3757 300 3827 ed.
323 3754 393 3811 15³2
411 3755 465 3841 esi:
484 3753 657 3823 ettiubitaut.
