2258 4170
100 152 166 227 Ι414
304 188 311 209 ι
356 126 361 141 ·
420 137 699 229 Enarcatio'uberior
778 124 782 129 ·

36 406 59 435 Ι,
103 343 255 433 Ascendit
278 343 308 404 in
330 345 440 417 attum,
479 345 598 424 aceepit
625 346 707 415 dona
722 376 725 383 ·
738 360 800 424 pro
837 315 1013 418 horninibus,

103 448 257 531 captiuam
278 448 364 511 duxit
385 440 602 527 captivitatem.
635 452 720 515 ilaec
742 459 815 513 sunt
837 465 912 511 vere
932 451 1013 530 mira·

37 563 45 577 ·
101 550 176 615 bilia
202 559 233 615 et
257 540 384 616 'summa
413 555 572 641 miracuta,
609 544 693 636 quod
729 558 777 619 sic
805 558 892 634 venit
918 556 1015 618 tortior
1046 610 1049 627 ‚

101 675 197 736 super
218 659 339 731 sonem,
368 644 619 739 ejusqne'spotia
642 661 788 739 diripuit,¹
808 662 1015 738 idqueopera

102 765 261 826 levissima
296 765 443 827 nimirum
461 768 535 829 'soto
564 769 660 832 verbo
688 776 718 831 et
750 784 845 831 manu
881 765 1015 839 hominis,

105 872 154 941 vet
195 870 307 932 Christi
347 871 474 933 urinistri
520 875 589 933 vet
608 873 824 950 cujuscunque
861 870 1016 934 Christiani

102 984 242 1055 tempore
261 977 465 1039 necessitatis

184 1083 269 1144 Haec
290 1083 435 1144 miracuta
457 1083 590 1145 mundus
618 1100 678 1145 uon
708 1038 1015 1156 videt,sientch1i-

101 1196 171 1253 stus
190 1190 260 1266 ipse
280 1188 361 1261 dicit,
381 1187 473 1249 Dabit
493 1189 584 1250 atium
599 1191 797 1265 paracletum,
819 1205 916 1273 quem
939 1205 1015 1251 mun·
1047 1262 1051 1272 ι

102 1295 161 1357 dus
183 1310 242 1358 non
265 1301 368 1372 potest
387 1295 536 1372 accipere,
558 1294 712 1370 quianon
734 1295 820 1358 ridet
841 1295 927 1358 eum.
963 1297 1015 1357 tre

103 1401 243 1463 cedimus
265 1400 304 1461 ad
326 1401 507 1472 conciones,
529 1399 734 1477 baptizamur,
763 1401 971 1472 absolvimur,
990 1408 1015 1461 et

102 1508 150 1569 sic
184 1507 215 1566 in
243 1505 305 1567 fide
327 1504 437 1568 christi
469 1505 627 1580 morimur,
665 1508 702 1568 a‘c
732 1505 843 1587 nortui
876 1505 1015 1571 vivimus.

103 1613 187 1674 Haec
214 1614 348 1674 maxima
375 1611 538 1705 mirabitis,
572 1611 655 1691 quod
686 1616 854 1692 morientes
880 1611 1015 1698 vivimus

49 1758 52 1763 -
103 1735 194 1780 nemo
211 1718 315 1785 'videt
356 1717 457 1784 Mutus
484 1724 515 1779 et
545 1735 646 1798 equus
676 1734 736 1780 non
769 1717 875 1781 vident
909 1717 1041 1807 adesse¹

19 1832 21 1843 '
102 1826 242 1903 spiritum
264 1831 412 1896 sanctum,
431 1810 563 1903 eumque
579 1823 630 1886 hie
649 1825 780 1902 operari,
800 1841 873 1886 eum
896 1814 1015 1885 eroden-

20 1950 23 1955 ·
103 1938 150 1993 tes
172 1931 328 1992 vivificare
349 1936 380 1991 et
401 1931 574 1994 consolari,
601 1929 663 1992 Sed
684 1929 909 1993 credenshaeo
930 1929 1014 1991 videt

101 2035 192 2108 Item,
219 2037 365 2113 infantem
387 2018 542 2113 bapttsmo
563 2044 715 2110 renatum,
743 2035 879 2114 positum
902 2037 934 2096 in
954 2038 1015 2113 gte·

106 2143 204 2225 mium,
221 2142 291 2215 Dei,
312 2140 407 2203 fitium
430 2149 460 2202 et
481 2122 648 2203 haeredem
668 2143 735 2214 Dei,
764 2149 794 2204 et
816 2121 1015 2203 cohaeredem
1055 2140 1057 2145 ’

65 2322 68 2329 Α
104 2247 214 2312 Christi
235 2249 346 2309 iactum
365 2262 452 2320 esse,
482 2265 542 2310 non
566 2248 648 2337 videt
675 2248 822 2320 mondus,
851 2248 912 2309 sed
935 2246 1015 2309 sotus

105 2355 238 2434 Spiritus
260 2361 385 2414 sanetus
407 2353 436 2412 in
459 2354 652 2416 credentibus
674 2353 734 2414 ista
756 2347 1015 2425 mirabilia‘uidet,

5 2514 8 2525 .
104 2468 135 2524 et
156 2459 265 2523 dehis
287 2455 476 2521 mirabilibus
505 2459 637 2538 toqnitur
665 2461 787 2536 proprie
809 2458 938 2531 Esaias,
970 2459 1015 2520 ubi

104 2567 256 2630 Christum
279 2571 369 2627 vocat
389 2547 484 2637 850,
506 2564 548 2626 id
559 2562 621 2636 est,
644 2563 862 2655 admirabilem.

186 2681 247 2743 Sed
270 2680 337 2739 aliis
360 2680 450 2739 etiam
474 2677 514 2739 de
536 2678 640 2740 causis
671 2651 847 2739 mirabilis
835 2694 906 2754 pure
928 2695 1016 2740 voca·

104 2796 154 2849 tur
176 2785 226 2846 hie
247 2801 302 2846 rex
323 2793 353 2847 et
370 2801 461 2862 puer,
484 2784 640 2857 videlicet,
663 2764 747 2862 quod
769 2783 910 2847 mirificat
932 2784 1017 2846 san'e·

105 2901 155 2956 tos
176 2907 254 2955 snos
276 2891 357 2952 Psai.
378 2887 407 2962 d,
425 2890 711 2970 -quod'mirabititer
731 2891 809 2966 regit
830 2906 898 2952 nos.
931 2891 1019 2953 Mori-

104 3016 189 3071 mur,
223 3004 253 3059 et
276 3013 349 3058 eece
373 2995 554 3060 vivimus2
577 2997 711 3060 Corinth.
734 2993 769 3068 6,
801 2997 895 3075 quasi
923 2996 1018 3074 impo-

18 3163 22 3171 .
104 3113 219 3176 stores,
258 3101 288 3191 e't
315 3106 420 3164 tamen
445 3119 585 3175 veraces,
619 3103 708 3182 quasi
737 3104 832 3180 ignoti
862 3110 894 3164 et
920 3110 1018 3164 tamen

104 3211 182 3282 noti,
205 3211 295 3287 quasi
318 3211 464 3287 correpti,
486 3219 516 3271 et
537 3225 597 3270 non
620 3209 730 3280 occisi,
759 3208 850 3286 quasi
872 3208 1019 3280 dolentes,

103 3334 227 3394 semper
248 3306 348 3377 tamen
372 3317 553 3393 gaudentes,
586 3315 676 3393 quast
708 3330 879 3393 pauperes,
911 3315 1021 3376 mattos

1 3485 2 3489 ,
109 3424 212 3486 tamen
233 3423 381 3494 ditantes,
405 3428 438 3482 ut
458 3419 531 3481 nihii
553 3419 720 3488 habentes,
741 3428 772 3481 et
795 3429 898 3480 tamen
921 3419 1023 3482 omnia

104 3531 311 3612 possidentes.
342 3527 473 3590 Mundus
488 3525 585 3598 floret,
608 3540 666 3588 nos
687 3526 868 3597 arescimus,
891 3525 1022 3588 mundus

102 3644 212 3714 regnat
234 3643 264 3696 et
287 3633 463 3711 triumphat,
484 3648 541 3696 nos
563 3632 803 3695 succumbimus.
847 3632 1025 3695 Sie‘omnia

101 3743 178 3807 fiunt
199 3741 383 3805 mirabiliter·
397 3747 428 3834 et
450 3742 550 3804 active
572 3747 603 3803 et
625 3741 803 3820 passive-in
825 3743 985 3808 ecelesia,
