2258 4170
509 112 621 235 amn..
965 166 1025 236 tos
1097 234 1107 253 ..

100 347 217 426 trangit
238 344 381 429 enimam,
403 350 459 415 sed
480 357 610 430 oportet
630 359 669 415 ul
684 351 732 425 eie
747 367 787 414 ex
804 348 865 413 nde
880 350 909 413 in
930 349 1025 414 idem
1108 382 1111 388 -

101 454 317 530 proficiamus,
337 462 379 529 ¹et
407 474 470 519 nna
495 458 681 536 experientia
702 466 776 539 post
803 456 893 519 aliam
916 456 1024 521 sondr-

101 560 178 621 mati
201 562 373 624 animemur
395 562 433 624 ad
454 560 514 624 elia
535 564 672 643 pericula
695 565 925 626 contemnenda.
958 564 1022 626 Nisi

102 666 186 727 enim
207 683 427 747 nonnunquam
441 667 615 748 desperatio
636 668 792 743 incideret,
812 686 874 732 non
887 669 1022 732 discere·
1112 663 1116 673 '

102 788 174 834 mna
196 789 273 837 vere
304 773 440 838 eradere.
481 775 628 837 Avertere
649 775 762 836 taciem
795 781 845 837 est
865 772 1033 851 indignari..

102 875 165 939 ltoo
193 886 258 952 est,
289 886 476 944 momentum
509 881 608 959 inquit
632 886 690 944 ete
717 881 804 943 Sient
832 880 944 943 intueri
966 885 1037 945 est.

107 983 271 1061 propitiam
291 1000 366 1049 asse
379 993 419 1051 et
433 986 552 1077 lavere
771 980 781 1001 ‘

227 1147 394 1232 [Montes
416 1152 516 1214 anim
539 1150 905 1216 commovebantur.
1008 1228 1011 1237 Ι

80 1300 84 1311 ·
186 1278 365 1343 Adversarii
376 1279 427 1351 tui.
448 1287 510 1342 tam
524 1280 699 1359 spirituales
719 1295 813 1359 qnam
835 1278 1022 1357 corporales.

112 1398 188 1461 qnos
208 1389 242 1444 tn
264 1389 411 1462 tanquam
432 1383 564 1448 invictos
577 1392 697 1449 montes
718 1362 875 1453 formidas,
896 1389 1017 1446 contre·

63 1534 66 1575 ἱ
113 1487 244 1549 miscent
285 1487 330 1551 Τιι
350 1497 470 1564 autem,
491 1491 545 1568 qui
565 1491 619 1553 tibi
640 1491 754 1553 videris
775 1490 936 1561 tremulus,
964 1505 1021 1550 nu·
1068 1507 1080 1525 ,

63 1578 67 1631 ¹
113 1591 899 1677 ane‚tnce1ns,snttasteatttarpeateeaures]
929 1592 1019 1658 Ratio

116 1705 170 1769 ast,
189 1698 262 1779 quia
281 1698 506 1801 misericordia
526 1719 590 1783 qua
610 1710 641 1765 te
658 1701 799 1779 suscepi,
821 1718 882 1764 non
903 1701 1019 1764 recedit

117 1810 199 1876 ate,
235 1804 291 1867 sed
318 1805 444 1877 immota
474 1823 570 1887 super
596 1814 626 1871 te
652 1806 753 1872 stabit
797 1807 896 1883 Quare
927 1807 1019 1869 erede

89 1908 92 1915 '
117 1914 220 1971 mnium
241 1909 337 1973 verbo
357 1928 450 1985 meo,
471 1921 501 1975 et
521 1912 648 1975 diseede
668 1918 755 1974 extra
775 1926 901 1975 sensnm
924 1920 1024 1984 tuum,
1122 1897 1128 1922 ‘

119 2015 194 2077 elne
203 2031 276 2079 esse
285 2016 454 2095 exponens
469 2025 525 2080 ein.
555 2016 703 2087 Vrdemns
715 2033 755 2079 ex
765 2015 825 2077 hae
837 2014 1018 2094 prophetiae
1115 2098 1117 2102 .

122 2118 208 2199 topia,
236 2126 301 2187 lam
320 2138 395 2185 esse
416 2121 536 2185 difficile
557 2123 710 2195 turbatam
734 2123 866 2185 animum
889 2122 1018 2205 erigere²

121 2242 197 2304 qnam
217 2224 337 2301 difficile
358 2235 406 2291 eet
426 2226 522 2291 duros
541 2235 572 2291 et
592 2229 737 2290 inlraotos
759 2226 885 2289 mollire.
945 2252 947 2257 ·

154 2410 419 2505 [paupercula
441 2421 679 2501 tempestate
700 2415 885 2503 eoniuisa
905 2410 978 2499 etn]

141 2596 145 2601 .
184 2540 233 2603 sie
255 2550 347 2634 vocat
367 2522 444 2616 eam,
465 2543 549 2622 quod
572 2543 653 2619 omni
671 2558 784 2619 genere
805 2541 1012 2605 eatamitntnrn
1045 2571 1049 2579 ·

117 2645 235 2709 oburitur
266 2646 415 2719 eeclesia,
451 2655 482 2711 et
513 2648 592 2712 sieut
624 2645 764 2709 christus
801 2654 851 2708 est
886 2649 1009 2724 signum

118 2751 375 2825 centradictionis,¹
389 2752 449 2843 'sio
474 2754 606 2815 eeclesia
627 2767 761 2831 quoque
810 2752 896 2813 Atiae
930 2752 1012 2814 enim

115 2855 253 2919 tonnae
274 2864 307 2929 et
325 2857 509 2935 religiones,
531 2863 800 2936 quantumcunque
821 2857 882 2918 sint
903 2857 1013 2921 absur-

116 2960 176 3035 dae,
202 2968 304 3035 tamen
332 2962 490 3051 inveniunt
513 2979 591 3027 suos
620 2962 808 3041 discipulos,
836 2969 867 3024 et
889 2970 961 3024 sunt
981 2961 1011 3024 in

115 3065 185 3127 bona
202 3083 289 3146 paee.
333 3066 406 3131 Sola
426 3067 505 3130 haee
535 3068 642 3146 religio
672 3066 791 3144 obieeta
818 3075 866 3130 est
888 3068 960 3130 odio
982 3076 1013 3129 et

116 3170 194 3233 interi
212 3171 333 3244 mnndi,
360 3179 392 3235 el
419 3175 560 3237 omnibns
582 3174 718 3252 pennatis
740 3173 889 3250 exposita.
932 3171 1012 3235 Gon·
1031 3225 1033 3229 ,

116 3277 215 3339 aotttm
249 3276 342 3355 igitur
377 3262 510 3358 eam*):
556 3276 639 3358 [lion
660 3279 760 3341 solum
798 3283 1011 3340 momentanea

116 3380 249 3443 manatio
287 3380 359 3454 erit,
396 3382 452 3444 sed
484 3382 617 3459 proderit
653 3383 692 3444 ad
730 3382 1009 3459 multiplicationem

115 3485 262 3557 eooetiae,
283 3494 326 3559 ut,
347 3503 409 3566 qno
431 3486 499 3565 plns
523 3488 673 3567 premitur,
695 3503 732 3549 eo
755 3487 824 3565 pias
844 3486 1010 3561 fruetificat,

114 3596 138 3651 et
155 3606 211 3669 quo
231 3591 303 3668 plus
325 3599 473 3665 arctatur,
506 3609 544 3654 eo
566 3591 673 3671 'magis
696 3599 892 3670 propagetur.
935 3593 1008 3655 ideo

169 3757 200 3829 *)
220 3758 372 3816 Molaria
390 3759 502 3817 sillem
520 3769 549 3818 et
565 3725 709 3832 oppressae
726 3754 867 3817 ecelesiae.
