2258 4170
434 116 705 257 (laps-'swanus
962 144 1025 239 525
1084 194 1114 214 ·‘

193 357 330 437 Denique
356 357 409 421 iric
437 321 524 422 locus
551 374 611 449 non
638 317 1027 434 satis-,potcst'explicari

79 464 205 549 iustus
228 465 296 546 ipsa
318 480 429 528 servus
449 463 629 543 iustificabit
649 463 785 547 multos,
800 469 831 525 et
851 461 1028 541 iniquitates
1086 465 1090 474 '

105 572 268 634 multorum
282 569 352 649 ipsa
363 562 506 650 portavit,
528 567 738 675 complectitur
753 566 832 629 enim
854 568 885 630 in
905 584 1027 631 summa

105 684 201 746 [otum
224 677 434 755 evangellum,
456 685 567 755 estque
588 689 805 752 copiosissime
827 660 975 737 [metallis
996 682 1027 737 et
1112 732 1114 741 .

104 783 278 861 explicatus
299 799 355 860 per
375 785 537 860 apostolos
559 789 590 845 et
610 779 833 855 evangelistas,
862 787 902 845 et
914 781 956 843 ah
974 796 1026 842 ec-

102 876 200 950 alesia
223 904 306 960 vera,
328 889 504 967 incipiendo
526 907 545 952 a
564 892 704 965 tempore
726 893 937 964 pentecostes,
964 903 1026 965 quo

101 993 178 1055 nillil
208 994 290 1056 aliud
317 993 436 1065 dictum
462 1003 493 1057 et
525 990 689 1071 agitatum,
721 1004 814 1070 quaro
848 990 899 1053 hic
926 974 1033 1054 loeus¹¹

102 1101 224 1164 Servus
247 1115 335 1163 mens
353 1099 458 1176 justus
480 1108 536 1162 etc.
579 1098 624 1161 llx
645 1097 706 1158 fide
727 1095 852 1161 Christi
843 1096 948 1175 Justi3
970 1096 1034 1171 lic·¹

102 1204 313 1283 clesiahunc
341 1207 499 1268 anlculum
515 1204 675 1285 profitens
698 1201 843 1287 mansit
836 1220 864 1264 ro
887 1201 962 1277 ilde,
996 1211 1027 1266 et

103 1310 192 1377 tides
212 1312 278 1375 alio·
295 1318 432 1389 tempore
453 1318 501 1375 ast
522 1312 639 1385 clarior,
661 1310 720 1372 alio
742 1308 913 1374 obscurior.
954 1311 1027 1388 lpse
1074 1381 1078 1391 ¹

79 1458 81 1462 »
103 1418 193 1494 dixit,
215 1417 388 1482 Vobiscum
404 1432 459 1481 ero
480 1434 581 1497 usqne
603 1416 643 1480 ad
664 1414 960 1479 consummationem
973 1433 1025 1480 se·
1096 1428 1098 1432 ‘

79 1524 175 1613 ⁸culi.
218 1523 292 1586 Sine
312 1522 374 1587 isto
396 1523 530 1587 articulo:
545 1540 606 1588 non
627 1530 689 1586 stat
706 1522 848 1596 ecelesia,
861 1522 1026 1586 'Mahomet

103 1630 229 1711 quidem
248 1629 384 1696 vastavit
405 1631 578 1706 ecelesiam,
599 1636 630 1692 et
649 1629 735 1711 papa
751 1629 929 1695 obscuravit
949 1629 1024 1693 doe-

101 1737 214 1800 trinam
236 1735 275 1799 ds
294 1735 374 1810 lida,
405 1736 460 1797 sed
490 1736 543 1807 nbi
564 1736 631 1799 iste
657 1736 803 1800 articulus
831 1737 955 1810 mansit,
981 1737 1025 1802 ibi
1090 1756 1093 1762 “

103 1843 189 1906 Deus
211 1842 408 1906 conservavit
429 1841 617 1925 ecclesiam„
698 1867 701 1873 ·
728 1871 732 1881 .
848 1824 851 1837 ’

187 1948 255 2012 Non
281 1965 362 2028 opus
389 1955 438 2011 est
465 1942 568 2012 omnia
599 1939 749 2039 indicare,
786 1955 967 2029 quaesunt
991 1950 1033 2012 in*

104 2073 189 2120 novo
206 2055 410 2128 testamento,
431 2053 591 2132 diligenter
611 2034 743 2119 inculcat
762 2055 915 2136 propheta
934 2048 1025 2120 istam
1055 2053 1060 2062 '

104 2162 286 2249 passionem
301 2146 435 2233 =Christi,
468 2161 600 2227 lactsm'
607 2170 732 2242 propter
759 2170 888 2241 peccata
907 2170 1022 2239 nostra,

105 2248 258 2331 ettamen
279 2265 353 2330 nihil
372 2267 543 2345 protectum
565 2275 628 2342 est,
662 2284 719 2330 nec
744 2248 836 2331 hodie
857 2269 917 2331 nisi
939 2269 1024 2349 apud

107 2365 280 2455 sedeciam
320 2370 387 2436 Non
409 2376 509 2443 solum
532 2374 570 2442 da
597 2390 731 2453 persona
752 2374 824 2436 dicit
844 2374 1024 2451 clarissime,

104 2479 161 2573 seo
182 2480 276 2543 etiam
297 2480 337 2542 de
358 2495 468 2555 causa,
500 2482 585 2561 quad
612 2488 736 2560 propter
764 2487 871 2544 noema
892 2489 1023 2559 peccata

103 2601 277 2666 percussus
299 2592 455 2670 etpassus
477 2588 525 2663 sit,
546 2596 580 2652 ut
600 2586 845 2665 abjiciatomnia,
866 2588 1022 2666 templum,
1108 2602 1114 2612 ·

103 2692 313 2768 ceremonias,
335 2694 443 2772 legem,
463 2699 495 2757 et
513 2710 623 2758 omnes
640 2677 846 2771 cogitationes
870 2692 1024 2761 humanas
1072 2766 1075 2771 ,

101 2797 143 2863 de
170 2797 307 2877 justitia,
342 2800 459 2865 stillis
480 2801 614 2875 exclusis
644 2806 816 2893 statuamus
843 2815 899 2880 per
927 2817 1022 2865 unum
1064 2854 1067 2861 .

93 2893 261 2968 ‘commum
282 2902 412 2970 salutem
440 2912 471 2969 et
498 2907 593 2970 vitam
615 2913 841 2985 aetemampos
862 2907 1033 2987 consequi,-

99 3009 154 3085 ita,
175 3018 209 3073 ut
230 3029 291 3077 non
311 3020 373 3076 tam
395 3020 510 3092 pugnet
530 3013 601 3087 hae,
613 3018 705 3094 caput
726 3020 832 3078 contra
849 3022 1021 3094 peecatum,

100 3133 197 3211 quam
219 3125 324 3187 contra
343 3117 502 3196 justitiam.
591 3101 594 3104 ’
954 3100 956 3107 1

100 3305 283 3370 Dividam
308 3265 350 3370 'et
384 3307 618 3387 dispertiam
637 3295 774 3388 'spolia
803 3311 1020 3382 intermul·
1073 3289 1078 3293 ⁴

488 3423 552 3479 tos
572 3421 630 3480 etc.

127 3589 132 3599 .
184 3541 246 3606 lste
266 3543 355 3606 locas
375 3542 499 3624 placuit
512 3544 636 3609 domino
663 3553 769 3618 cosmo
789 3544 867 3610 lesu
889 3544 1019 3629 Christo,

101 3655 134 3712 et
155 3638 222 3715 hue‘
238 3648 375 3729 respexit
394 3650 425 3713 in
446 3650 624 3732 evangelio,
658 3651 710 3715 ubl
736 3653 871 3734 loquitur
890 3648 937 3717 de'
950 3654 1020 3719 lorti
1090 3668 1092 3672 ·

103 3753 499 3870 armato,Luc.ll,1Ubl
530 3757 793 3841 veoent‘iortlor,
827 3766 859 3827 et
902 3760 1018 3829 dirldm
1077 3777 1083 3783 ·
