2258 4170
47 130 50 135 <
96 130 103 146 ὓ
162 173 211 244 24
287 237 288 241 ,
351 133 468 257 7Ὀιριιῑ
488 158 734 256 quadragesimam
754 177 873 239 tertium*

168 360 239 422 dam
259 365 298 420 te
340 349 523 436 Ecclesia*)
559 357 656 434 igitur,
678 358 854 436 ubicunque
882 363 944 428 ost,
964 356 1082 432 patitur.

84 500 87 505 ·
168 452 239 527 inde
253 463 342 525 iacile
359 460 470 541 liquet,
495 480 606 540 papam
629 480 698 525 cum
721 464 787 525 suis
808 470 876 539 non·
891 464 1083 523 essc‘eccte·

169 572 262 642 siam,
283 571 489 647 quianullum
511 574 621 633 norunt
638 574 771 640 'crucem
793 575 916 645 praeter
931 575 1082 657 tempora·

167 679 236 738 lem.
293 674 450 751 Significat
469 682 590 738 sautem
632 675 763 737 obscure
785 674 908 735 'etiams
932 673 1081 752 propheta

168 782 303 845 studium
325 788 357 841 et
376 781 548 846 satanicum
570 781 730 857 impiorum
751 779 877 851 odium,
896 796 961 857 qno
982 779 1014 840 in
1033 796 1082 842 ec-

168 888 291 950 elesiam
314 888 428 959 ardent,
451 887 533 964 quod
556 887 681 964 cupiunt
702 893 732 946 el
748 893 896 947 conamur
917 902 987 947 eam
1010 868 1102 965 tanr-¹

111 1060 113 1070 Α
168 1010 260 1072 quom
277 992 391 1055 diluvio
413 992 551 1064 obruere,
574 1000 604 1054 at
624 999 787 1069 tamquam
801 990 1083 1081 incendioliaurire

169 1090 271 1160 totam.
321 1097 382 1159 Sed
415 1080 656 1159 hebemus'hic
685 1104 790 1159 contra
818 1097 895 1158 tales
918 1097 1018 1158 minas
1039 1098 1083 1159 io·

168 1199 285 1281 signem
313 1201 671 1272 consolationem-dore
704 1208 737 1264 ut
757 1219 930 1273 servemur,
965 1203 1099 1265 etiamsi

131 1346 134 1350 -
170 1311 250 1372 nulla
272 1322 404 1388 usquam
427 1307 577 1369 euadendi
599 1315 747 1384 appareat
768 1310 835 1380 via,
857 1317 887 1370 et
908 1309 1083 1385 seneliaco
1109 1330 1119 1373 ,·

128 1453 129 1456 =
169 1415 333 1493 promissio
355 1414 456 1474 omnia
477 1413 722 1474 adversariorum
751 1414 879 1476 consilia
901 1413 985 1476 irrita
1005 1417 1082 1487 lecit

167 1500 1081 1599 dissipavittotcomitia,atiomillaproximadugustana**)‚

169 1627 283 1705 quibus
304 1623 378 1685 nihil
400 1624 561 1686 videbatur
581 1623 811 1687 formidabilius.
835 1625 985 1688 Siautem
998 1626 1080 1689 duna

168 1733 228 1793 tide
262 1732 291 1791 in
327 1721 500 1806 hujusmodi
533 1730 789 1807 promissionibus
822 1730 1018 1794 haeserimus
1053 1740 1082 1794 el

170 1836 376 1921 addiderimus
399 1836 574 1906 orationem,
596 1837 764 1899 sentiemus
786 1852 875 1914 porro
893 1820 987 1900 etium
1000 1843 1080 1900 tutos

52 1977 54 1984 ·
169 1943 295 2004 nos'abt
309 1941 443 2004 omnium
465 1939 580 2016 injuriis
602 1943 674 2005 iore.

211 2129 307 2206 Quia
328 2146 397 2206 ego
420 2128 603 2191 Dominus
621 2130 723 2191 Deus
745 2136 836 2221 tuus
858 2138 1042 2194 sanctus.
1082 2172 1090 2183 ,

251 2256 357 2318 Addit:
401 2255 466 2335 ligo
487 2252 555 2320 sum
577 2262 702 2320 sanctus
723 2257 832 2330 lsrael,
865 2234 956 2338 quasi
982 2259 1078 2322 dicat:
1097 2325 1106 2332 ,

171 2364 249 2425 Sum·
267 2362 347 2425 idem
365 2363 456 2435 Deus,
478 2363 530 2441 qui
551 2378 673 2441 semper
693 2363 744 2436 lui,
765 2381 824 2426 non
847 2381 916 2427 sunu
940 2357 1085 2436 mutatus

125 2514 129 2533 .
172 2470 304 2531 siout-tu
323 2467 454 2544 judicas.
497 2469 609 2530 Tecum
632 2485 717 2541 sum,
751 2486 810 2532 non
838 2487 906 2535 cum
929 2470 1083 2533 incredula

106 2560 108 2564 ’
172 2589 343 2651 synagoga.
385 2573 459 2634 Nam
488 2574 578 2651 quod·
600 2576 731 2652 apostoli
753 2575 914 2639 discedunt
949 2592 1083 2654 async-

172 2695 268 2757 gogm
297 2664 390 2749 habet
437 2681 570 2756 speciem
612 2681 789 2756 apostasiae
832 2689 862 2742 et
907 2681 1082 2743 seditionis.

173 2780 309 2846 Sentiuirt
329 2784 408 2845 enim
431 2800 466 2846 se
488 2801 559 2846 csse
581 2788 727 2863 populum
748 2786 819 2859 Dei,
837 2794 871 2848 'et
891 2778 1084 2864 synagogam

173 2907 232 2951 non
255 2902 327 2951 esse
348 2890 493 2967 populum
510 2890 572 2952 Dei.
615 2892 670 2952 Hic
692 2883 822 2954 necesse
841 2900 889 2955 est
904 2909 1001 2970 saepe
1024 2902 1086 2954 ten-

175 2996 230 3056 tari
253 2995 404 3056 animum:
446 2995 521 3072 Quid
557 2997 582 3058 si
614 2998 719 3085 erres?
761 2997 838 3074 Quid
860 2984 888 3062 si
910 3001 1012 3073 tusis
1034 3000 1087 3060 ab·

173 3100 283 3176 iectus,
304 3109 335 3162 et
356 3100 395 3162 illi
421 3101 557 3164 servatii
583 3103 706 3180 'Neque
735 3105 814 3184 enim
842 3090 1010 3165 verisimile
1031 3114 1088 3177 est,

174 3206 270 3267 Deum
293 3212 407 3267 tantam
431 3207 646 3269 multitudinem
670 3209 820 3286 adjicere,
856 3217 887 3271 et
919 3211 1000 3273 duos
1037 3209 1087 3272 ital

174 3315 236 3373 tr'es
257 3312 428 3387 piscatores
451 3313 546 3389 pluris
567 3315 677 3384 lacere,
698 3331 790 3394 quam
812 3324 907 3378 totum
928 3312 1087 3393 populum.

253 3415 343 3478 Sicut
364 3434 442 3481 nunc
464 3417 623 3481 nobiseum
646 3420 762 3481 accidit.
805 3420 869 3484 Nos
897 3422 1090 3486 discedimus

248 3653 283 3723 9)
303 3616 423 3708 Ecclesia
442 3671 505 3709 vern
524 3672 628 3727 semper
646 3665 687 3710 ert
714 3656 831 3724 subjecta
849 3659 929 3712 cruci.
966 3659 1019 3725 ”J
1040 3660 1093 3713 Aa·

42 3799 61 3823 ⁸,
96 3788 99 3793 -
168 3757 285 3816 poclm
304 3747 421 3803 comitia.
