<?xml version="1.0" encoding="UTF-8"?>
<!DOCTYPE html PUBLIC "-//W3C//DTD XHTML 1.0 Transitional//EN"
    "http://www.w3.org/TR/xhtml1/DTD/xhtml1-transitional.dtd">
<html xmlns="http://www.w3.org/1999/xhtml" xml:lang="en" lang="en">
 <head>
  <title>
</title>
<meta http-equiv="Content-Type" content="text/html;charset=utf-8" />
  <meta name='ocr-system' content='tesseract 3.04.00' />
  <meta name='ocr-capabilities' content='ocr_page ocr_carea ocr_par ocr_line ocrx_word'/>
</head>
<body>
  <div class='ocr_page' id='page_1' title='image "./exegeticaoperal01luthgoog_0397.png"; bbox 0 0 2258 4170; ppageno 0'>
   <div class='ocr_carea' id='block_1_1' title="bbox 110 128 744 241">
    <p class='ocr_par' dir='ltr' id='par_1_1' title="bbox 110 128 744 241">
     <span class='ocr_line' id='line_1_1' title="bbox 110 128 744 241; baseline -0.013 -14"><span class='ocrx_word' id='word_1_1' title='bbox 110 158 179 227; x_wconf 70' lang='lat'><strong>386¹</strong></span> <span class='ocrx_word' id='word_1_2' title='bbox 210 128 214 140; x_wconf 28' lang='grc' dir='ltr'>ι</span> <span class='ocrx_word' id='word_1_3' title='bbox 267 222 275 241; x_wconf 64' lang='grc'>,</span> <span class='ocrx_word' id='word_1_4' title='bbox 435 160 579 225; x_wconf 81' lang='lat' dir='ltr'><strong>Enamatio</strong></span> <span class='ocrx_word' id='word_1_5' title='bbox 601 142 714 223; x_wconf 85' lang='lat' dir='ltr'><strong>uberior</strong></span> <span class='ocrx_word' id='word_1_6' title='bbox 740 196 744 209; x_wconf 84' lang='lat'>·</span> 
     </span>
    </p>
   </div>
   <div class='ocr_carea' id='block_1_2' title="bbox 10 318 1063 3825">
    <p class='ocr_par' dir='ltr' id='par_1_2' title="bbox 10 318 1063 3825">
     <span class='ocr_line' id='line_1_2' title="bbox 109 318 1022 406; baseline -0.002 -2"><span class='ocrx_word' id='word_1_7' title='bbox 109 343 219 405; x_wconf 88' lang='lat' dir='ltr'><strong>stiuete</strong></span> <span class='ocrx_word' id='word_1_8' title='bbox 231 349 452 403; x_wconf 80' lang='lat' dir='ltr'><strong>conserventur</strong></span> <span class='ocrx_word' id='word_1_9' title='bbox 466 343 656 406; x_wconf 87' lang='lat' dir='ltr'><strong>definitiones</strong></span> <span class='ocrx_word' id='word_1_10' title='bbox 667 318 910 404; x_wconf 67' lang='lat' dir='ltr'>hierarchiarum</span> <span class='ocrx_word' id='word_1_11' title='bbox 925 338 1022 402; x_wconf 89' lang='lat' dir='ltr'><strong>divini-</strong></span> 
     </span>
     <span class='ocr_line' id='line_1_3' title="bbox 73 446 1023 525; baseline 0.007 -20"><span class='ocrx_word' id='word_1_12' title='bbox 73 493 77 505; x_wconf 64' lang='lat'>,</span> <span class='ocrx_word' id='word_1_13' title='bbox 100 457 160 519; x_wconf 78' lang='lat' dir='ltr'><strong>¹tus</strong></span> <span class='ocrx_word' id='word_1_14' title='bbox 187 449 401 511; x_wconf 85' lang='lat' dir='ltr'><strong>institutarum.</strong></span> <span class='ocrx_word' id='word_1_15' title='bbox 429 449 551 511; x_wconf 63' lang='lat' dir='ltr'><strong>vhlutier</strong></span> <span class='ocrx_word' id='word_1_16' title='bbox 571 466 632 511; x_wconf 91' lang='lat' dir='ltr'><strong>non</strong></span> <span class='ocrx_word' id='word_1_17' title='bbox 655 455 741 525; x_wconf 81' lang='lat' dir='ltr'><strong>gerat</strong></span> <span class='ocrx_word' id='word_1_18' title='bbox 763 454 870 508; x_wconf 87' lang='lat' dir='ltr'><strong>vestes</strong></span> <span class='ocrx_word' id='word_1_19' title='bbox 893 446 958 519; x_wconf 89' lang='lat' dir='ltr'><strong>viri,</strong></span> <span class='ocrx_word' id='word_1_20' title='bbox 971 457 1023 512; x_wconf 78' lang='lat' dir='ltr'><strong>&#39;neo</strong></span> 
     </span>
     <span class='ocr_line' id='line_1_4' title="bbox 110 553 1023 641; baseline 0 -25"><span class='ocrx_word' id='word_1_21' title='bbox 110 555 156 617; x_wconf 88' lang='lat' dir='ltr'><strong>vir</strong></span> <span class='ocrx_word' id='word_1_22' title='bbox 193 554 341 627; x_wconf 88' lang='lat' dir='ltr'><strong>mulieris,</strong></span> <span class='ocrx_word' id='word_1_23' title='bbox 379 553 513 633; x_wconf 87' lang='lat' dir='ltr'><strong>quisque</strong></span> <span class='ocrx_word' id='word_1_24' title='bbox 543 561 666 616; x_wconf 89' lang='lat' dir='ltr'><strong>maneat</strong></span> <span class='ocrx_word' id='word_1_25' title='bbox 698 553 729 638; x_wconf 87' lang='lat' dir='ltr'><strong>in</strong></span> <span class='ocrx_word' id='word_1_26' title='bbox 769 568 829 615; x_wconf 88' lang='lat' dir='ltr'><strong>sua</strong></span> <span class='ocrx_word' id='word_1_27' title='bbox 864 553 1023 641; x_wconf 79' lang='lat' dir='ltr'><strong>vocatione.</strong></span> 
     </span>
     <span class='ocr_line' id='line_1_5' title="bbox 110 656 1024 739; baseline 0.001 -17"><span class='ocrx_word' id='word_1_28' title='bbox 110 661 243 739; x_wconf 85' lang='lat' dir='ltr'><strong>quisque</strong></span> <span class='ocrx_word' id='word_1_29' title='bbox 259 665 380 721; x_wconf 85' lang='lat' dir='ltr'><strong>tueatur</strong></span> <span class='ocrx_word' id='word_1_30' title='bbox 394 677 486 724; x_wconf 88' lang='lat' dir='ltr'><strong>suurn</strong></span> <span class='ocrx_word' id='word_1_31' title='bbox 508 662 616 732; x_wconf 86' lang='lat' dir='ltr'><strong>locum,</strong></span> <span class='ocrx_word' id='word_1_32' title='bbox 638 669 668 721; x_wconf 91' lang='lat' dir='ltr'><strong>et</strong></span> <span class='ocrx_word' id='word_1_33' title='bbox 689 660 770 721; x_wconf 87' lang='lat' dir='ltr'><strong>intre</strong></span> <span class='ocrx_word' id='word_1_34' title='bbox 790 656 938 721; x_wconf 82' lang='lat' dir='ltr'><strong>terminos</strong></span> <span class='ocrx_word' id='word_1_35' title='bbox 959 675 1024 723; x_wconf 76' lang='lat' dir='ltr'><strong>suae</strong></span> 
     </span>
     <span class='ocr_line' id='line_1_6' title="bbox 107 763 1024 837; baseline 0.002 -10"><span class='ocrx_word' id='word_1_36' title='bbox 107 766 273 827; x_wconf 78' lang='lat' dir='ltr'><strong>structionis</strong></span> <span class='ocrx_word' id='word_1_37' title='bbox 299 781 335 827; x_wconf 91' lang='lat' dir='ltr'><strong>se</strong></span> <span class='ocrx_word' id='word_1_38' title='bbox 357 773 505 837; x_wconf 75' lang='lat' dir='ltr'><strong>coercent</strong></span> <span class='ocrx_word' id='word_1_39' title='bbox 527 783 585 829; x_wconf 87' lang='lat' dir='ltr'><strong>nee</strong></span> <span class='ocrx_word' id='word_1_40' title='bbox 604 773 716 833; x_wconf 82' lang='lat' dir='ltr'><strong>melem</strong></span> <span class='ocrx_word' id='word_1_41' title='bbox 737 763 905 828; x_wconf 68' lang='lat' dir='ltr'><strong>transiliet,</strong></span> <span class='ocrx_word' id='word_1_42' title='bbox 927 781 1024 829; x_wconf 85' lang='lat' dir='ltr'><strong>unom-</strong></span> 
     </span>
     <span class='ocr_line' id='line_1_7' title="bbox 110 854 1063 949; baseline 0.002 -17"><span class='ocrx_word' id='word_1_43' title='bbox 110 859 256 949; x_wconf 73' lang='lat' dir='ltr'><strong>&#39;quodque</strong></span> <span class='ocrx_word' id='word_1_44' title='bbox 290 871 372 932; x_wconf 87' lang='lat' dir='ltr'><strong>vitae</strong></span> <span class='ocrx_word' id='word_1_45' title='bbox 396 887 495 947; x_wconf 81' lang='lat' dir='ltr'><strong>genus</strong></span> <span class='ocrx_word' id='word_1_46' title='bbox 523 888 559 933; x_wconf 85' lang='lat' dir='ltr'><strong>ae</strong></span> <span class='ocrx_word' id='word_1_47' title='bbox 586 878 686 932; x_wconf 88' lang='lat' dir='ltr'><strong>status</strong></span> <span class='ocrx_word' id='word_1_48' title='bbox 708 870 737 931; x_wconf 90' lang='lat' dir='ltr'><strong>iu</strong></span> <span class='ocrx_word' id='word_1_49' title='bbox 761 886 821 933; x_wconf 88' lang='lat' dir='ltr'><strong>suo</strong></span> <span class='ocrx_word' id='word_1_50' title='bbox 843 869 972 945; x_wconf 78' lang='lat' dir='ltr'><strong>orreum,</strong></span> <span class='ocrx_word' id='word_1_51' title='bbox 999 873 1024 935; x_wconf 91' lang='lat' dir='ltr'><strong>iu</strong></span> <span class='ocrx_word' id='word_1_52' title='bbox 1047 854 1063 947; x_wconf 65' lang='grc' dir='ltr'><strong>ζς</strong></span> 
     </span>
     <span class='ocr_line' id='line_1_8' title="bbox 109 966 735 1053; baseline 0.002 -13"><span class='ocrx_word' id='word_1_53' title='bbox 109 966 176 1053; x_wconf 85' lang='lat' dir='ltr'><strong>suis</strong></span> <span class='ocrx_word' id='word_1_54' title='bbox 197 976 344 1039; x_wconf 89' lang='lat' dir='ltr'><strong>limitibus</strong></span> <span class='ocrx_word' id='word_1_55' title='bbox 366 978 514 1039; x_wconf 85' lang='lat' dir='ltr'><strong>armetis</strong></span> <span class='ocrx_word' id='word_1_56' title='bbox 536 976 735 1043; x_wconf 80' lang='lat' dir='ltr'><strong>eontinentur.</strong></span> 
     </span>
     <span class='ocr_line' id='line_1_9' title="bbox 190 1067 1024 1161; baseline 0.002 -18"><span class='ocrx_word' id='word_1_57' title='bbox 190 1081 257 1143; x_wconf 88' lang='lat' dir='ltr'><strong>Non</strong></span> <span class='ocrx_word' id='word_1_58' title='bbox 272 1082 394 1145; x_wconf 90' lang='lat' dir='ltr'><strong>odimus</strong></span> <span class='ocrx_word' id='word_1_59' title='bbox 407 1083 571 1161; x_wconf 64' lang='lat' dir='ltr'><strong>principes</strong></span> <span class='ocrx_word' id='word_1_60' title='bbox 592 1099 652 1143; x_wconf 91' lang='lat' dir='ltr'><strong>non</strong></span> <span class='ocrx_word' id='word_1_61' title='bbox 671 1081 794 1145; x_wconf 90' lang='lat' dir='ltr'><strong>odimus</strong></span> <span class='ocrx_word' id='word_1_62' title='bbox 814 1067 955 1157; x_wconf 56' lang='lat' dir='ltr'><strong>jnristas&#39;,</strong></span> <span class='ocrx_word' id='word_1_63' title='bbox 977 1082 1024 1159; x_wconf 82' lang='lat' dir='ltr'><strong>(eu</strong></span> 
     </span>
     <span class='ocr_line' id='line_1_10' title="bbox 99 1187 1053 1277; baseline 0 -28"><span class='ocrx_word' id='word_1_64' title='bbox 99 1189 168 1266; x_wconf 82' lang='lat' dir='ltr'><strong>ipsi</strong></span> <span class='ocrx_word' id='word_1_65' title='bbox 201 1205 259 1250; x_wconf 92' lang='lat' dir='ltr'><strong>nos</strong></span> <span class='ocrx_word' id='word_1_66' title='bbox 276 1216 278 1221; x_wconf 87' lang='grc'><em>·</em></span> <span class='ocrx_word' id='word_1_67' title='bbox 295 1197 410 1259; x_wconf 83' lang='lat' dir='ltr'><strong>ament.</strong></span> <span class='ocrx_word' id='word_1_68' title='bbox 449 1189 535 1253; x_wconf 88' lang='lat' dir='ltr'><strong>novit</strong></span> <span class='ocrx_word' id='word_1_69' title='bbox 560 1189 658 1262; x_wconf 82' lang='lat' dir='ltr'><strong>Deus,</strong></span> <span class='ocrx_word' id='word_1_70' title='bbox 699 1188 838 1265; x_wconf 88' lang='lat' dir='ltr'><strong>quidque</strong></span> <span class='ocrx_word' id='word_1_71' title='bbox 875 1187 1053 1277; x_wconf 50' lang='lat' dir='ltr'><strong>‹te-notis,</strong></span> 
     </span>
     <span class='ocr_line' id='line_1_11' title="bbox 109 1293 1027 1372; baseline 0 -16"><span class='ocrx_word' id='word_1_72' title='bbox 109 1293 257 1366; x_wconf 77' lang='lat' dir='ltr'><strong>sentiant,</strong></span> <span class='ocrx_word' id='word_1_73' title='bbox 289 1310 380 1372; x_wconf 85' lang='lat' dir='ltr'><strong>quam</strong></span> <span class='ocrx_word' id='word_1_74' title='bbox 404 1293 494 1357; x_wconf 85' lang='lat' dir='ltr'><strong>uobis</strong></span> <span class='ocrx_word' id='word_1_75' title='bbox 515 1293 593 1359; x_wconf 87' lang='lat' dir='ltr'><strong>bene</strong></span> <span class='ocrx_word' id='word_1_76' title='bbox 616 1294 753 1370; x_wconf 83' lang='lat' dir='ltr'><strong>cupiant,</strong></span> <span class='ocrx_word' id='word_1_77' title='bbox 775 1298 932 1355; x_wconf 80' lang='lat' dir='ltr'><strong>testantur</strong></span> <span class='ocrx_word' id='word_1_78' title='bbox 951 1293 1027 1369; x_wconf 79' lang='lat' dir='ltr'><strong>ipso</strong></span> 
     </span>
     <span class='ocr_line' id='line_1_12' title="bbox 107 1384 1027 1483; baseline 0.001 -22"><span class='ocrx_word' id='word_1_79' title='bbox 107 1384 175 1461; x_wconf 86' lang='lat' dir='ltr'><strong>rum</strong></span> <span class='ocrx_word' id='word_1_80' title='bbox 203 1399 326 1477; x_wconf 86' lang='lat' dir='ltr'><strong>enimi),</strong></span> <span class='ocrx_word' id='word_1_81' title='bbox 361 1417 421 1460; x_wconf 90' lang='lat' dir='ltr'><strong>non</strong></span> <span class='ocrx_word' id='word_1_82' title='bbox 450 1399 573 1463; x_wconf 86' lang='lat' dir='ltr'><strong>odimus</strong></span> <span class='ocrx_word' id='word_1_83' title='bbox 595 1401 729 1472; x_wconf 81' lang='lat' dir='ltr'><strong>nobiles,</strong></span> <span class='ocrx_word' id='word_1_84' title='bbox 759 1406 813 1483; x_wconf 88' lang='lat' dir='ltr'><strong>aut</strong></span> <span class='ocrx_word' id='word_1_85' title='bbox 835 1416 1027 1477; x_wconf 85' lang='lat' dir='ltr'><strong>quemquem,</strong></span> 
     </span>
     <span class='ocr_line' id='line_1_13' title="bbox 108 1504 1027 1595; baseline -0.001 -26"><span class='ocrx_word' id='word_1_86' title='bbox 108 1506 164 1569; x_wconf 89' lang='lat' dir='ltr'><strong>sed</strong></span> <span class='ocrx_word' id='word_1_87' title='bbox 179 1505 239 1568; x_wconf 86' lang='lat' dir='ltr'><strong>hoe</strong></span> <span class='ocrx_word' id='word_1_88' title='bbox 253 1508 381 1583; x_wconf 72' lang='lat' dir='ltr'><strong>agimus¹</strong></span> <span class='ocrx_word' id='word_1_89' title='bbox 402 1505 464 1567; x_wconf 88' lang='lat' dir='ltr'><strong>hou</strong></span> <span class='ocrx_word' id='word_1_90' title='bbox 483 1507 634 1583; x_wconf 79' lang='lat' dir='ltr'><strong>cupimus,</strong></span> <span class='ocrx_word' id='word_1_91' title='bbox 656 1513 686 1566; x_wconf 89' lang='lat' dir='ltr'><strong>et</strong></span> <span class='ocrx_word' id='word_1_92' title='bbox 706 1506 737 1595; x_wconf 86' lang='lat' dir='ltr'><strong>iu</strong></span> <span class='ocrx_word' id='word_1_93' title='bbox 758 1504 821 1571; x_wconf 81' lang='lat' dir='ltr'><strong>hoo</strong></span> <span class='ocrx_word' id='word_1_94' title='bbox 842 1504 1027 1581; x_wconf 80' lang='lat' dir='ltr'><strong>laboramus,</strong></span> 
     </span>
     <span class='ocr_line' id='line_1_14' title="bbox 46 1599 1027 1699; baseline 0.002 -25"><span class='ocrx_word' id='word_1_95' title='bbox 46 1680 50 1693; x_wconf 57' lang='grc'><strong>,</strong></span> <span class='ocrx_word' id='word_1_96' title='bbox 108 1620 141 1674; x_wconf 91' lang='lat' dir='ltr'><strong>ut</strong></span> <span class='ocrx_word' id='word_1_97' title='bbox 161 1611 240 1673; x_wconf 85' lang='lat' dir='ltr'><strong>intre</strong></span> <span class='ocrx_word' id='word_1_98' title='bbox 271 1611 515 1674; x_wconf 80' lang='lat' dir='ltr'><strong>suosterminos</strong></span> <span class='ocrx_word' id='word_1_99' title='bbox 536 1610 708 1677; x_wconf 76' lang='lat' dir='ltr'><strong>hierarchia</strong></span> <span class='ocrx_word' id='word_1_100' title='bbox 729 1599 888 1699; x_wconf 75' lang='lat' dir='ltr'><strong>quaelibet</strong></span> <span class='ocrx_word' id='word_1_101' title='bbox 910 1628 1027 1677; x_wconf 82' lang='lat' dir='ltr'><strong>conser-</strong></span> 
     </span>
     <span class='ocr_line' id='line_1_15' title="bbox 108 1716 1028 1797; baseline 0.003 -19"><span class='ocrx_word' id='word_1_102' title='bbox 108 1726 210 1790; x_wconf 88' lang='lat' dir='ltr'><strong>vetur,</strong></span> <span class='ocrx_word' id='word_1_103' title='bbox 238 1725 271 1779; x_wconf 89' lang='lat' dir='ltr'><strong>ut</strong></span> <span class='ocrx_word' id='word_1_104' title='bbox 289 1717 435 1797; x_wconf 77' lang='lat' dir='ltr'><strong>quisque</strong></span> <span class='ocrx_word' id='word_1_105' title='bbox 462 1735 552 1780; x_wconf 90' lang='lat' dir='ltr'><strong>suum</strong></span> <span class='ocrx_word' id='word_1_106' title='bbox 580 1718 672 1779; x_wconf 88' lang='lat' dir='ltr'><strong>iauiat</strong></span> <span class='ocrx_word' id='word_1_107' title='bbox 692 1716 841 1792; x_wconf 76' lang='lat' dir='ltr'><strong>elicium,</strong></span> <span class='ocrx_word' id='word_1_108' title='bbox 873 1735 935 1780; x_wconf 84' lang='lat' dir='ltr'><strong>nee</strong></span> <span class='ocrx_word' id='word_1_109' title='bbox 955 1719 1028 1781; x_wconf 83' lang='lat' dir='ltr'><strong>vitae</strong></span> 
     </span>
     <span class='ocr_line' id='line_1_16' title="bbox 26 1804 1028 1907; baseline 0.005 -23"><span class='ocrx_word' id='word_1_110' title='bbox 26 1853 29 1857; x_wconf 93' lang='lat'>·</span> <span class='ocrx_word' id='word_1_111' title='bbox 65 1862 69 1871; x_wconf 89' lang='lat'>-</span> <span class='ocrx_word' id='word_1_112' title='bbox 108 1840 222 1900; x_wconf 82' lang='lat' dir='ltr'><strong>genere</strong></span> <span class='ocrx_word' id='word_1_113' title='bbox 235 1830 265 1884; x_wconf 90' lang='lat' dir='ltr'><strong>et</strong></span> <span class='ocrx_word' id='word_1_114' title='bbox 277 1823 439 1903; x_wconf 73' lang='lat' dir='ltr'><strong>distinotae</strong></span> <span class='ocrx_word' id='word_1_115' title='bbox 452 1804 622 1907; x_wconf 73' lang='lat' dir='ltr'><strong>functiones</strong></span> <span class='ocrx_word' id='word_1_116' title='bbox 636 1825 862 1887; x_wconf 79' lang='lat' dir='ltr'><strong>contundantur</strong></span> <span class='ocrx_word' id='word_1_117' title='bbox 875 1841 915 1887; x_wconf 84' lang='lat' dir='ltr'><strong>ao</strong></span> <span class='ocrx_word' id='word_1_118' title='bbox 927 1827 1028 1889; x_wconf 79' lang='lat' dir='ltr'><strong>misce·</strong></span> 
     </span>
     <span class='ocr_line' id='line_1_17' title="bbox 108 1921 1054 2007; baseline 0.002 -16"><span class='ocrx_word' id='word_1_119' title='bbox 108 1937 206 1992; x_wconf 85' lang='lat' dir='ltr'><strong>entur.</strong></span> <span class='ocrx_word' id='word_1_120' title='bbox 248 1921 403 1991; x_wconf 82' lang='lat' dir='ltr'><strong>[iuremus</strong></span> <span class='ocrx_word' id='word_1_121' title='bbox 431 1931 597 2007; x_wconf 77' lang='lat' dir='ltr'><strong>quamlibet</strong></span> <span class='ocrx_word' id='word_1_122' title='bbox 624 1928 828 1993; x_wconf 79' lang='lat' dir='ltr'><strong>hierarchiam</strong></span> <span class='ocrx_word' id='word_1_123' title='bbox 853 1947 930 1993; x_wconf 88' lang='lat' dir='ltr'><strong>esse</strong></span> <span class='ocrx_word' id='word_1_124' title='bbox 959 1931 1054 1993; x_wconf 64' lang='lat' dir='ltr'><strong>divi&#39;</strong></span> 
     </span>
     <span class='ocr_line' id='line_1_18' title="bbox 19 2034 1026 2117; baseline 0.005 -21"><span class='ocrx_word' id='word_1_125' title='bbox 19 2110 22 2117; x_wconf 17' lang='lat'>²</span> <span class='ocrx_word' id='word_1_126' title='bbox 107 2052 178 2097; x_wconf 83' lang='lat' dir='ltr'><strong>nem</strong></span> <span class='ocrx_word' id='word_1_127' title='bbox 206 2043 266 2109; x_wconf 85' lang='lat' dir='ltr'><strong>eut</strong></span> <span class='ocrx_word' id='word_1_128' title='bbox 286 2034 430 2104; x_wconf 79' lang='lat' dir='ltr'><strong>divinitus</strong></span> <span class='ocrx_word' id='word_1_129' title='bbox 452 2036 631 2108; x_wconf 83' lang='lat' dir='ltr'><strong>institutam,</strong></span> <span class='ocrx_word' id='word_1_130' title='bbox 661 2038 773 2101; x_wconf 86' lang='lat' dir='ltr'><strong>nuliam</strong></span> <span class='ocrx_word' id='word_1_131' title='bbox 796 2039 1026 2101; x_wconf 81' lang='lat' dir='ltr'><strong>contemnimus</strong></span> 
     </span>
     <span class='ocr_line' id='line_1_19' title="bbox 84 2141 1025 2220; baseline 0.003 -18"><span class='ocrx_word' id='word_1_132' title='bbox 84 2141 169 2203; x_wconf 75' lang='lat' dir='ltr'><strong>‚Seii</strong></span> <span class='ocrx_word' id='word_1_133' title='bbox 198 2143 226 2202; x_wconf 93' lang='lat' dir='ltr'><strong>in</strong></span> <span class='ocrx_word' id='word_1_134' title='bbox 260 2141 321 2203; x_wconf 91' lang='lat' dir='ltr'><strong>hoe</strong></span> <span class='ocrx_word' id='word_1_135' title='bbox 349 2143 542 2214; x_wconf 86' lang='lat' dir='ltr'><strong>laboramus,</strong></span> <span class='ocrx_word' id='word_1_136' title='bbox 586 2152 625 2204; x_wconf 89' lang='lat' dir='ltr'><strong>ne</strong></span> <span class='ocrx_word' id='word_1_137' title='bbox 656 2143 862 2220; x_wconf 83' lang='lat' dir='ltr'><strong>misceantur3</strong></span> <span class='ocrx_word' id='word_1_138' title='bbox 902 2143 1025 2207; x_wconf 85' lang='lat' dir='ltr'><strong>mixtura</strong></span> 
     </span>
     <span class='ocr_line' id='line_1_20' title="bbox 89 2227 1024 2326; baseline 0.004 -19"><span class='ocrx_word' id='word_1_139' title='bbox 89 2234 158 2308; x_wconf 65' lang='lat' dir='ltr'><strong>&#39;hio</strong></span> <span class='ocrx_word' id='word_1_140' title='bbox 185 2264 245 2308; x_wconf 90' lang='lat' dir='ltr'><strong>uon</strong></span> <span class='ocrx_word' id='word_1_141' title='bbox 268 2227 370 2309; x_wconf 79' lang='lat' dir='ltr'><strong>vetet&#39;</strong></span> <span class='ocrx_word' id='word_1_142' title='bbox 402 2248 434 2309; x_wconf 89' lang='lat' dir='ltr'><strong>Si</strong></span> <span class='ocrx_word' id='word_1_143' title='bbox 456 2249 560 2326; x_wconf 83' lang='lat' dir='ltr'><strong>politia</strong></span> <span class='ocrx_word' id='word_1_144' title='bbox 582 2267 653 2313; x_wconf 82' lang='lat' dir='ltr'><strong>eom</strong></span> <span class='ocrx_word' id='word_1_145' title='bbox 675 2249 857 2313; x_wconf 82' lang='lat' dir='ltr'><strong>oeconomia</strong></span> <span class='ocrx_word' id='word_1_146' title='bbox 880 2250 1024 2323; x_wconf 82' lang='lat' dir='ltr'><strong>miscetur,</strong></span> 
     </span>
     <span class='ocr_line' id='line_1_21' title="bbox 106 2351 1025 2433; baseline 0.005 -20"><span class='ocrx_word' id='word_1_147' title='bbox 106 2352 183 2419; x_wconf 86' lang='lat' dir='ltr'><strong>fiunt</strong></span> <span class='ocrx_word' id='word_1_148' title='bbox 204 2361 310 2433; x_wconf 86' lang='lat' dir='ltr'><strong>stupra</strong></span> <span class='ocrx_word' id='word_1_149' title='bbox 333 2360 363 2433; x_wconf 77' lang='lat' dir='ltr'><strong>et</strong></span> <span class='ocrx_word' id='word_1_150' title='bbox 385 2353 452 2430; x_wconf 76' lang='lat' dir='ltr'><strong>alin</strong></span> <span class='ocrx_word' id='word_1_151' title='bbox 465 2353 618 2423; x_wconf 79' lang='lat' dir='ltr'><strong>horrenda</strong></span> <span class='ocrx_word' id='word_1_152' title='bbox 639 2354 771 2432; x_wconf 77' lang='lat' dir='ltr'><strong>flagitie3</strong></span> <span class='ocrx_word' id='word_1_153' title='bbox 801 2356 830 2417; x_wconf 85' lang='lat' dir='ltr'><strong>si</strong></span> <span class='ocrx_word' id='word_1_154' title='bbox 852 2351 1025 2419; x_wconf 76' lang='lat' dir='ltr'><strong>oeconomia</strong></span> 
     </span>
     <span class='ocr_line' id='line_1_22' title="bbox 107 2436 1026 2543; baseline 0.003 -22"><span class='ocrx_word' id='word_1_155' title='bbox 107 2476 177 2530; x_wconf 82' lang='lat' dir='ltr'><strong>oum</strong></span> <span class='ocrx_word' id='word_1_156' title='bbox 195 2448 319 2537; x_wconf 82' lang='lat' dir='ltr'><strong>politio,¹</strong></span> <span class='ocrx_word' id='word_1_157' title='bbox 337 2459 413 2525; x_wconf 83' lang='lat' dir='ltr'><strong>fiunt</strong></span> <span class='ocrx_word' id='word_1_158' title='bbox 434 2436 628 2538; x_wconf 62' lang='lat' dir='ltr'><strong>tyrannidem</strong></span> <span class='ocrx_word' id='word_1_159' title='bbox 642 2464 680 2543; x_wconf 16' lang='lat' dir='ltr'><strong>‘el</strong></span> <span class='ocrx_word' id='word_1_160' title='bbox 703 2478 770 2522; x_wconf 91' lang='lat' dir='ltr'><strong>eum</strong></span> <span class='ocrx_word' id='word_1_161' title='bbox 794 2461 939 2534; x_wconf 76' lang='lat' dir='ltr'><strong>eeclesia,</strong></span> <span class='ocrx_word' id='word_1_162' title='bbox 959 2462 1026 2525; x_wconf 89' lang='lat' dir='ltr'><strong>liunt</strong></span> 
     </span>
     <span class='ocr_line' id='line_1_23' title="bbox 80 2547 1021 2652; baseline 0.003 -25"><span class='ocrx_word' id='word_1_163' title='bbox 80 2547 264 2652; x_wconf 72' lang='lat' dir='ltr'><strong>haereses.</strong></span> <span class='ocrx_word' id='word_1_164' title='bbox 308 2568 461 2639; x_wconf 87' lang='lat' dir='ltr'><strong>Breviter,</strong></span> <span class='ocrx_word' id='word_1_165' title='bbox 496 2568 619 2646; x_wconf 84' lang='lat' dir='ltr'><strong>quando</strong></span> <span class='ocrx_word' id='word_1_166' title='bbox 648 2569 815 2637; x_wconf 72' lang='lat' dir='ltr'><strong>miserentur</strong></span> <span class='ocrx_word' id='word_1_167' title='bbox 835 2567 932 2640; x_wconf 78' lang='lat' dir='ltr'><strong>haee,</strong></span> <span class='ocrx_word' id='word_1_168' title='bbox 967 2577 1021 2630; x_wconf 88' lang='lat' dir='ltr'><strong>tun</strong></span> 
     </span>
     <span class='ocr_line' id='line_1_24' title="bbox 106 2663 1020 2751; baseline 0.005 -21"><span class='ocrx_word' id='word_1_169' title='bbox 106 2668 248 2734; x_wconf 88' lang='lat' dir='ltr'><strong>diabolus</strong></span> <span class='ocrx_word' id='word_1_170' title='bbox 270 2681 422 2751; x_wconf 81' lang='lat' dir='ltr'><strong>operatur.</strong></span> <span class='ocrx_word' id='word_1_171' title='bbox 459 2663 675 2751; x_wconf 76' lang='lat' dir='ltr'><strong>Ex&#39;oneribns</strong></span> <span class='ocrx_word' id='word_1_172' title='bbox 697 2682 800 2743; x_wconf 85' lang='lat' dir='ltr'><strong>eutem</strong></span> <span class='ocrx_word' id='word_1_173' title='bbox 818 2675 937 2737; x_wconf 82' lang='lat' dir='ltr'><strong>dioboli</strong></span> <span class='ocrx_word' id='word_1_174' title='bbox 958 2673 1020 2737; x_wconf 92' lang='lat' dir='ltr'><strong>nihil</strong></span> 
     </span>
     <span class='ocr_line' id='line_1_25' title="bbox 104 2761 1020 2862; baseline 0.008 -26"><span class='ocrx_word' id='word_1_175' title='bbox 104 2774 247 2862; x_wconf 71' lang='lat' dir='ltr'><strong>tithoni.</strong></span> <span class='ocrx_word' id='word_1_176' title='bbox 289 2777 463 2856; x_wconf 83' lang='lat' dir='ltr'><strong>Prophetae</strong></span> <span class='ocrx_word' id='word_1_177' title='bbox 491 2784 566 2855; x_wconf 76' lang='lat' dir='ltr'><strong>ergso</strong></span> <span class='ocrx_word' id='word_1_178' title='bbox 594 2761 827 2859; x_wconf 54' lang='lat' dir='ltr'><strong>&#39;praedixerunt</strong></span> <span class='ocrx_word' id='word_1_179' title='bbox 866 2782 1020 2843; x_wconf 84' lang='lat' dir='ltr'><strong>ecelesiam</strong></span> 
     </span>
     <span class='ocr_line' id='line_1_26' title="bbox 95 2872 1020 2966; baseline 0.01 -26"><span class='ocrx_word' id='word_1_180' title='bbox 95 2872 168 2942; x_wconf 86' lang='lat' dir='ltr'><strong>&#39;lore</strong></span> <span class='ocrx_word' id='word_1_181' title='bbox 198 2872 325 2959; x_wconf 84' lang='lat' dir='ltr'><strong>regnum</strong></span> <span class='ocrx_word' id='word_1_182' title='bbox 343 2883 520 2953; x_wconf 81' lang='lat' dir='ltr'><strong>ilistinotum</strong></span> <span class='ocrx_word' id='word_1_183' title='bbox 543 2902 563 2947; x_wconf 87' lang='lat' dir='ltr'><strong>a</strong></span> <span class='ocrx_word' id='word_1_184' title='bbox 583 2887 687 2953; x_wconf 84' lang='lat' dir='ltr'><strong>mundi</strong></span> <span class='ocrx_word' id='word_1_185' title='bbox 704 2904 816 2963; x_wconf 84' lang='lat' dir='ltr'><strong>regno,</strong></span> <span class='ocrx_word' id='word_1_186' title='bbox 845 2905 907 2951; x_wconf 82' lang='lat' dir='ltr'><strong>uon</strong></span> <span class='ocrx_word' id='word_1_187' title='bbox 930 2888 1020 2966; x_wconf 78' lang='lat' dir='ltr'><strong>politi-</strong></span> 
     </span>
     <span class='ocr_line' id='line_1_27' title="bbox 104 2991 914 3079; baseline 0.009 -29"><span class='ocrx_word' id='word_1_188' title='bbox 104 3005 189 3062; x_wconf 89' lang='lat' dir='ltr'><strong>oum,</strong></span> <span class='ocrx_word' id='word_1_189' title='bbox 211 3005 268 3050; x_wconf 86' lang='lat' dir='ltr'><strong>nee</strong></span> <span class='ocrx_word' id='word_1_190' title='bbox 291 2991 544 3079; x_wconf 56' lang='lat' dir='ltr'><strong>oeconomioum„</strong></span> <span class='ocrx_word' id='word_1_191' title='bbox 558 2993 622 3060; x_wconf 74' lang='lat' dir='ltr'><strong>seri</strong></span> <span class='ocrx_word' id='word_1_192' title='bbox 636 2995 801 3070; x_wconf 82' lang='lat' dir='ltr'><strong>spirituale.</strong></span> <span class='ocrx_word' id='word_1_193' title='bbox 910 3049 914 3057; x_wconf 77' lang='lat'><em>.</em></span> 
     </span>
     <span class='ocr_line' id='line_1_28' title="bbox 186 3084 1021 3174; baseline 0.006 -19"><span class='ocrx_word' id='word_1_194' title='bbox 186 3095 294 3156; x_wconf 85' lang='lat' dir='ltr'><strong>ludaei</strong></span> <span class='ocrx_word' id='word_1_195' title='bbox 307 3111 415 3161; x_wconf 85' lang='lat' dir='ltr'><strong>omnes</strong></span> <span class='ocrx_word' id='word_1_196' title='bbox 432 3084 613 3174; x_wconf 81' lang='lat' dir='ltr'><strong>detorquent</strong></span> <span class='ocrx_word' id='word_1_197' title='bbox 633 3098 712 3166; x_wconf 80' lang='lat' dir='ltr'><strong>haee</strong></span> <span class='ocrx_word' id='word_1_198' title='bbox 733 3095 828 3160; x_wconf 83' lang='lat' dir='ltr'><strong>verba</strong></span> <span class='ocrx_word' id='word_1_199' title='bbox 853 3099 892 3159; x_wconf 85' lang='lat' dir='ltr'><strong>ad</strong></span> <span class='ocrx_word' id='word_1_200' title='bbox 916 3099 1021 3163; x_wconf 91' lang='lat' dir='ltr'><strong>bellum</strong></span> 
     </span>
     <span class='ocr_line' id='line_1_29' title="bbox 102 3182 1063 3280; baseline 0.002 -18"><span class='ocrx_word' id='word_1_201' title='bbox 102 3202 275 3278; x_wconf 85' lang='lat' dir='ltr'><strong>corporale,</strong></span> <span class='ocrx_word' id='word_1_202' title='bbox 307 3209 475 3279; x_wconf 84' lang='lat' dir='ltr'><strong>putentque</strong></span> <span class='ocrx_word' id='word_1_203' title='bbox 497 3200 679 3280; x_wconf 80' lang='lat' dir='ltr'><strong>prophetem</strong></span> <span class='ocrx_word' id='word_1_204' title='bbox 702 3182 847 3280; x_wconf 83' lang='lat' dir='ltr'><strong>loquide</strong></span> <span class='ocrx_word' id='word_1_205' title='bbox 868 3205 956 3267; x_wconf 88' lang='lat' dir='ltr'><strong>bello·</strong></span> <span class='ocrx_word' id='word_1_206' title='bbox 975 3205 1022 3267; x_wconf 83' lang='lat' dir='ltr'><strong>ali·</strong></span> <span class='ocrx_word' id='word_1_207' title='bbox 1061 3270 1063 3277; x_wconf 60' lang='grc'><strong>,</strong></span> 
     </span>
     <span class='ocr_line' id='line_1_30' title="bbox 101 3306 1022 3389; baseline 0.005 -23"><span class='ocrx_word' id='word_1_208' title='bbox 101 3322 164 3383; x_wconf 88' lang='lat' dir='ltr'><strong>quo</strong></span> <span class='ocrx_word' id='word_1_209' title='bbox 193 3314 380 3383; x_wconf 79' lang='lat' dir='ltr'><strong>gestorum</strong></span> <span class='ocrx_word' id='word_1_210' title='bbox 411 3306 690 3389; x_wconf 77' lang='lat' dir='ltr'><strong>hostibus-populi</strong></span> <span class='ocrx_word' id='word_1_211' title='bbox 711 3309 776 3372; x_wconf 84' lang='lat' dir='ltr'><strong>Dei.</strong></span> <span class='ocrx_word' id='word_1_212' title='bbox 819 3310 882 3371; x_wconf 88' lang='lat' dir='ltr'><strong>Sed</strong></span> <span class='ocrx_word' id='word_1_213' title='bbox 914 3309 1022 3383; x_wconf 82' lang='lat' dir='ltr'><strong>inhoe</strong></span> 
     </span>
     <span class='ocr_line' id='line_1_31' title="bbox 17 3390 1021 3495; baseline 0.01 -27"><span class='ocrx_word' id='word_1_214' title='bbox 17 3390 23 3405; x_wconf 62' lang='lat'><strong>¹</strong></span> <span class='ocrx_word' id='word_1_215' title='bbox 100 3416 130 3469; x_wconf 90' lang='lat' dir='ltr'><strong>et</strong></span> <span class='ocrx_word' id='word_1_216' title='bbox 165 3411 315 3473; x_wconf 86' lang='lat' dir='ltr'><strong>similibus</strong></span> <span class='ocrx_word' id='word_1_217' title='bbox 348 3413 433 3495; x_wconf 87' lang='lat' dir='ltr'><strong>loeis</strong></span> <span class='ocrx_word' id='word_1_218' title='bbox 459 3412 535 3475; x_wconf 91' lang='lat' dir='ltr'><strong>nihil</strong></span> <span class='ocrx_word' id='word_1_219' title='bbox 572 3416 673 3481; x_wconf 88' lang='lat' dir='ltr'><strong>minus</strong></span> <span class='ocrx_word' id='word_1_220' title='bbox 709 3415 816 3477; x_wconf 87' lang='lat' dir='ltr'><strong>uolunt</strong></span> <span class='ocrx_word' id='word_1_221' title='bbox 842 3415 1021 3492; x_wconf 84' lang='lat' dir='ltr'><strong>prophetoe.</strong></span> 
     </span>
     <span class='ocr_line' id='line_1_32' title="bbox 10 3497 1023 3602; baseline 0.006 -27"><span class='ocrx_word' id='word_1_222' title='bbox 10 3526 16 3537; x_wconf 85' lang='grc'><em>·</em></span> <span class='ocrx_word' id='word_1_223' title='bbox 98 3513 175 3595; x_wconf 69' lang='grc' dir='ltr'><strong>βαρ.</strong></span> <span class='ocrx_word' id='word_1_224' title='bbox 198 3515 245 3581; x_wconf 90' lang='grc'><strong>11.</strong></span> <span class='ocrx_word' id='word_1_225' title='bbox 269 3517 416 3596; x_wconf 79' lang='lat' dir='ltr'><strong>att‚.Nou¹</strong></span> <span class='ocrx_word' id='word_1_226' title='bbox 429 3497 598 3589; x_wconf 73' lang='lat' dir='ltr'><strong>nocebunt,</strong></span> <span class='ocrx_word' id='word_1_227' title='bbox 620 3535 721 3596; x_wconf 87' lang='lat' dir='ltr'><strong>neque</strong></span> <span class='ocrx_word' id='word_1_228' title='bbox 741 3520 885 3583; x_wconf 84' lang='lat' dir='ltr'><strong>occident</strong></span> <span class='ocrx_word' id='word_1_229' title='bbox 908 3521 944 3582; x_wconf 36' lang='lat' dir='ltr'><strong>ins</strong></span> <span class='ocrx_word' id='word_1_230' title='bbox 963 3521 1023 3602; x_wconf 88' lang='lat' dir='ltr'><strong>uni·</strong></span> 
     </span>
     <span class='ocr_line' id='line_1_33' title="bbox 100 3625 1025 3702; baseline 0.008 -22"><span class='ocrx_word' id='word_1_231' title='bbox 100 3636 191 3681; x_wconf 86' lang='lat' dir='ltr'><strong>verso</strong></span> <span class='ocrx_word' id='word_1_232' title='bbox 213 3631 316 3685; x_wconf 89' lang='lat' dir='ltr'><strong>monte</strong></span> <span class='ocrx_word' id='word_1_233' title='bbox 339 3641 429 3698; x_wconf 58' lang='lat' dir='ltr'><strong>meo„</strong></span> <span class='ocrx_word' id='word_1_234' title='bbox 445 3626 518 3702; x_wconf 85' lang='lat' dir='ltr'><strong>quie</strong></span> <span class='ocrx_word' id='word_1_235' title='bbox 539 3625 669 3699; x_wconf 83' lang='lat' dir='ltr'><strong>seientia</strong></span> <span class='ocrx_word' id='word_1_236' title='bbox 691 3625 745 3689; x_wconf 87' lang='lat' dir='ltr'><strong>liei</strong></span> <span class='ocrx_word' id='word_1_237' title='bbox 767 3626 927 3702; x_wconf 81' lang='lat' dir='ltr'><strong>regnabit,</strong></span> <span class='ocrx_word' id='word_1_238' title='bbox 950 3627 1025 3688; x_wconf 86' lang='lat' dir='ltr'><strong>sieut</strong></span> 
     </span>
     <span class='ocr_line' id='line_1_34' title="bbox 10 3720 1025 3825; baseline 0.004 -36"><span class='ocrx_word' id='word_1_239' title='bbox 10 3802 16 3825; x_wconf 36' lang='grc' dir='ltr'><strong><em>Ι</em></strong></span> <span class='ocrx_word' id='word_1_240' title='bbox 100 3744 184 3791; x_wconf 88' lang='lat' dir='ltr'><strong>mere</strong></span> <span class='ocrx_word' id='word_1_241' title='bbox 214 3729 350 3792; x_wconf 88' lang='lat' dir='ltr'><strong>ebundot</strong></span> <span class='ocrx_word' id='word_1_242' title='bbox 372 3731 478 3809; x_wconf 85' lang='lat' dir='ltr'><strong>aquis,</strong></span> <span class='ocrx_word' id='word_1_243' title='bbox 514 3720 641 3805; x_wconf 52' lang='lat' dir='ltr'><strong>idest(</strong></span> <span class='ocrx_word' id='word_1_244' title='bbox 667 3731 795 3795; x_wconf 88' lang='lat' dir='ltr'><strong>verbum</strong></span> <span class='ocrx_word' id='word_1_245' title='bbox 816 3733 868 3795; x_wconf 89' lang='lat' dir='ltr'><strong>vel</strong></span> <span class='ocrx_word' id='word_1_246' title='bbox 888 3732 1025 3801; x_wconf 81' lang='lat' dir='ltr'><strong>doctrino</strong></span> 
     </span>
    </p>
   </div>
   <div class='ocr_carea' id='block_1_3' title="bbox 0 0 1134 4170">
    <p class='ocr_par' dir='ltr' id='par_1_3' title="bbox 0 0 1134 4170">
     <span class='ocr_line' id='line_1_35' title="bbox 0 0 1134 4170; baseline 0 1"><span class='ocrx_word' id='word_1_247' title='bbox 0 0 1134 4170; x_wconf 95' lang='lat' dir='ltr'><strong> </strong></span> 
     </span>
    </p>
   </div>
  </div>
 </body>
</html>
