2258 4170
117 142 182 210 tao
264 162 270 169 ·
336 159 369 239 1’
441 147 588 208 iinarratio
611 144 727 243 uberiof

240 275 244 280 ·
475 266 481 293 i

119 300 239 392 docent
279 324 362 405 Ergo
388 306 550 411 timeamus
570 304 685 402 Deum,
716 328 814 406 eique
837 333 910 400 toto,
926 340 980 408 peti

122 434 238 509 gratias
260 447 392 510 agamus
413 448 469 508 pro
491 431 553 492 hac
573 434 649 506 tuce,
673 435 760 512 quod
773 433 932 501 Christum
951 437 980 500 iiii

120 538 179 599 tici
205 538 405 613 agnoscimus
434 539 620 599 salvatorem
647 547 679 600 ιι
707 539 951 618 redemptorem,
973 563 980 606 ι

95 643 461 724 1ιιιιιιι]ιιι[)ιιιιιι,ιιι
491 660 548 705 nos
577 645 606 705 in
628 626 689 706 trac
722 647 903 722 cognitione
924 648 970 710 iiiii

27 754 34 833 .*
120 750 312 822 conservet,
314 765 353 810 nc
375 765 445 810 cum
458 748 594 822 iudaeis,
615 750 725 813 Turcis
747 759 782 812 ct
797 752 932 830 papistis
950 754 980 816 itii

32 839 35 842 ’
121 855 176 915 tici
196 852 380 916 contumatia
404 854 591 926 adiciamus,-
604 872 641 917 ac
661 859 691 917 in
714 865 877 919 aeternam
899 858 948 920 Dei
966 861 980 922 i

58 939 62 947 ’
121 976 159 1047 ac
181 935 348 1038 perpetuos
370 960 726 1024 cruciatus'incidamus.

19 1229 22 1237 Ι
120 1148 162 1210 lit
207 1149 293 1229 ipsc
335 1156 493 1227 propter
541 1151 897 1226 transgressiones
936 1169 977 1213 no

512 1269 576 1317 ras
598 1248 658 1315 etc.

205 1380 290 1444 ilie
277 1398 342 1459 Jam
364 1381 469 1458 incipit
491 1380 642 1458 propheta
655 1381 835 1444 describere
851 1399 953 1445 veram
967 1405 980 1464 p

123 1486 246 1552 sionem
271 1487 385 1561 domini
419 1488 517 1549 nostri
544 1486 620 1575 Jcsu
653 1486 779 1550 christi.
825 1489 906 1551 Vide
932 1499 980 1553 aut

24 1592 28 1599 '
97 1596 218 1672 -onam
240 1594 386 1671 egregins
406 1593 447 1654 sit
466 1591 557 1654 boc
550 1609 579 1653 m
601 1592 670 1655 loco
686 1570 860 1674 propbeta.
887 1597 980 1660 ltiudi

107 1687 241 1772 'atrium
260 1700 375 1777 inquit,
388 1697 517 1770 Domini,
538 1698 621 1775 quod
641 1699 685 1760 ita
706 1700 934 1772 sublimabitur,
954 1719 980 1764 ιι

62 1840 67 1851 ·
126 1810 301 1883 quo'ccges
324 1803 522 1866 continebunt
542 1820 579 1866 os
601 1821 691 1867 suum
712 1812 781 1878 etc,
812 1794 967 1869 Deus=cst

104 1894 224 1972 =scium
259 1915 445 1988 compassus
486 1909 647 1973 nobiscum
689 1911 836 1973 maximis
880 1911 980 1974 doiorii

50 2090 57 2114 Ι
90 2024 95 2037 ’
122 2016 293 2103 sancitam
307 2018 619 2107 ,passosgetpmpter
635 2017 906 2110 uanegressioncs
918 2026 980 2080 nost

1 2135 5 2150 ·
123 2131 154 2185 ιι
174 2121 321 2184 counitus
344 2127 393 2182 ost
425 2128 550 2199 propter
576 2122 755 2200 iniquitates
782 2131 925 2189 nostras.
964 2123 980 2184 i

124 2226 294 2289 clarissime
315 2225 469 2304 descripta
490 2235 571 2298 sunt,
590 2214 654 2290 uta
676 2227 759 2290 auito
782 2229 980 2304 evangelista

78 2336 85 2344 “
124 2334 244 2410 practer
270 2331 441 2393 iohannem
469 2338 640 2413 superetur.
682 2333 759 2396 Tres
788 2333 881 2410 primi
913 2309 980 2393 evat

124 2438 412 2522 iistaedcscribunt
440 2446 554 2511 tanturn
584 2439 695 2500 ondam
718 2438 893 2500 historiam.
939 2437 980 2501 Es

99 2622 101 2628 Α
126 2561 199 2606 vem
221 2525 368 2621 praedicit
389 2543 557 2614 historiam,
578 2560 713 2617 causant,
736 2544 869 2629 iunctm
894 2553 926 2606 et
947 2561 980 2606 us

13 2694 24 2719 ,
125 2651 197 2728 ipse
219 2651 396 2711 numeratus
416 2658 473 2720 est,
494 2630 572 2711 haec
594 2651 684 2710 etiam
695 2649 879 2733 Matthaeus
899 2667 980 2712 rcccr

86 2744 89 2752 “
126 2756 181 2816 sed
205 2753 316 2816 usuras
338 2755 471 2816 ostendit
487 2769 629 2826 causam,
660 2758 784 2834 propter
814 2772 913 2833 quam
935 2774 980 2834 par

125 2869 190 2932 est,
219 2861 294 2938 quia
321 2860 437 2921 scilicet
470 2861 681 2937 peccavimus,
712 2877 769 2922 nec
798 2864 965 2940 potuimus

126 2983 183 3041 nos
206 2983 224 3025 a
251 2972 393 3042 peccato,
425 2973 521 3027 morte
543 2975 577 3027 et.
595 2973 746 3042 potestate
777 2967 901 3031 diaboii
923 2967 980 3031 liba

126 3080 183 3132 etc.
226 3071 284 3146 Qui
303 3071 440 3131 istratus?
470 3079 503 3132 ut
523 3072 719 3134 liberaremur
741 3074 781 3135 ab
804 3068 958 3137 omnibus

126 3177 204 3238 catis
225 3177 347 3237 nostris
389 3175 478 3246 Usus,
502 3184 532 3238 nt
558 3165 770 3252 agnoscamus
788 3168 863 3241 eum
889 3181 980 3243 Domi

77 3355 80 3360 Α
126 3297 164 3341 ac
175 3281 397 3359 redemptorem
408 3289 554 3353 nostrum,
577 3291 607 3343 et
619 3278 786 3346 credamus
795 3286 824 3346 in
840 3302 927 3358 eum,
952 3304 980 3348 at

128 3374 219 3446 iidem
243 3387 272 3446 in
293 3373 415 3448 nornine
436 3386 503 3461 ejus
517 3396 668 3449 aeternam
692 3391 784 3450 vitam
809 3378 979 3471 consequa

209 3492 323 3552 Tantas
346 3505 395 3553 res
417 3501 476 3553 tam
494 3495 625 3556 breviter
646 3504 676 3556 et
688 3497 854 3574 perspicue
872 3497 936 3581 ¹hic
957 3507 980 3560 tr

128 3599 203 3658 nitra
226 3599 472 3674 compassionem
496 3601 585 3671 ctiam
610 3616 714 3662 veram
737 3604 927 3681 passionem
942 3606 980 3667 de

100 3701 111 3744 ·'
126 3702 213 3764 bens.
294 3762 298 3766 r
328 3759 336 3766 .
385 3748 399 3767 -.
