2258 4170
103 172 167 257 28!
294 163 297 167 7
333 182 430 260 'Caput
450 183 657 287 sexagesimum
674 178 784 280 sextum

36 376 40 387 ·
104 360 218 434 secun,
249 361 305 424 sed
335 369 511 425 reverentur
541 364 635 427 Deum
667 373 698 425 et
727 372 875 435 metuunt,
905 376 986 438 nonum

105 465 361 531 aunonensem.
403 469 544 544 Quodsi
567 471 691 547 quande
720 459 851 548 peccato
880 486 989 554 occupet

105 581 192 642 eunt,
219 552 381 652 parentet
402 575 565 666 trepidant,
600 592 637 637 ac
664 577 692 637 si
723 576 806 637 Deus
835 592 900 637 cum
925 583 989 648 ciam

105 693 210 741 eornm
249 687 334 755 tergo
366 680 533 753 immineat,
570 697 701 758 poenam
733 680 852 783 peccati
891 681 918 742 in
950 705 989 752 eos

104 785 303 862 expetiturus.
425 840 428 845 .

27 896 31 901 '
186 887 243 966 Qui
274 890 320 952 sic
344 900 417 954 sunt
437 890 590 955 conterriti
613 891 727 969 (inquit
748 889 927 970 prophete),
952 903 989 976 qni

25 1043 30 1053 .
105 996 152 1056 sic
173 994 275 1057 afflicti
297 1004 383 1068 suut,
414 998 453 1060 ad
475 999 545 1062 ilios
566 1013 624 1073 ego
646 997 793 1075 respicio,
826 1005 937 1071 centra,
953 1003 991 1064 in·

106 1100 175 1178 pios
208 1100 277 1163 ilios
304 1103 334 1162 in
363 1117 421 1162 sue
451 1101 615 1163 securitate
636 1103 702 1174 odi,
734 1109 764 1163 et
785 1110 891 1164 averto
911 1086 991 1172 tac‘tm

105 1222 204 1268 meam
218 1207 258 1268 ab
274 1207 321 1278 iis,
341 1206 362 1268 ii
373 1206 453 1267 enim
474 1206 639 1283 gloriantur
659 1209 697 1268 de
718 1210 785 1270 suis
808 1209 939 1289 cultibus,
956 1231 993 1276 ne·

105 1329 165 1390 que
206 1314 372 1391 quidquem
394 1309 558 1374 'metuunt
602 1313 687 1388 Quod
725 1314 752 1374 si
786 1313 857 1390 quis
884 1330 933 1376 eos
956 1320 995 1380 ad·

106 1426 227 1480 moneat
249 1418 288 1478 de
309 1419 416 1481 decem
438 1419 626 1496 praeceptis,
661 1404 856 1480 contemnunt
876 1435 924 1490 ea,
947 1428 995 1485 tan·

105 1541 198 1602 quam
219 1504 313 1603 'quae
344 1524 415 1587 oiim
448 1525 583 1585 triverint
612 1524 743 1596 calceis,¹
775 1533 805 1585 et
836 1525 934 1586 felices
953 1528 996 1590 sibi

106 1631 259 1693 somnient
291 1631 522 1708 perfectionem,
556 1646 650 1709 quam
682 1630 761 1690 ultre
781 1638 941 1708 praecepte
957 1633 997 1697 Dei

106 1736 266 1812 attigerint
309 1737 409 1812 Quare
436 1735 474 1796 ad
502 1734 616 1811 nullum
636 1734 692 1797 Dei
721 1736 864 1817 verbum,
895 1737 930 1797 ad
949 1741 998 1800 nut-

105 1841 168 1902 ium
203 1858 294 1903 suum
330 1858 409 1919 opus
445 1832 568 1920 pavent.
611 1839 654 1902 Pii
682 1848 836 1903 autemst
859 1840 997 1916 verejusti

107 1953 363 2025 semperpavent,
385 1955 415 2008 et
432 1947 648 2010 conscientiam
670 1944 858 2008 laborantem
880 1934 997 2011 sentiunt.

187 2053 272 2115 Haec
287 2053 377 2115 nobis
390 2052 620 2130 prodest‘scire,
641 2059 676 2115 ut
696 2052 855 2114 discamus
876 2050 997 2116 Christia-

106 2175 213 2222 norum
249 2159 367 2221 animos
396 2157 527 2221 afflictos
560 2166 591 2219 et
618 2158 750 2236 pavidos
779 2173 866 2230 esse,
900 2162 932 2218 ut
949 2175 999 2233 nos,

106 2266 133 2326 si
154 2280 217 2344 qua
234 2265 358 2342 pavoris
379 2263 456 2325 hore
478 2264 605 2336 venerit,
637 2281 696 2327 non
719 2264 789 2326 ideo
811 2264 999 2342 desperemus,

106 2369 162 2435 seri
175 2370 205 2430 in
226 2370 320 2431 rebus
341 2369 513 2446 desperetis
534 2372 614 2447 etin
635 2370 679 2431 ira
702 2369 755 2431 Dei
777 2370 929 2446 erigamus
948 2389 999 2434 nos,

1 2456 3 2466 ¹
106 2492 143 2537 ac
168 2475 351 2552 cogitemus,
386 2491 444 2538 nos
478 2482 542 2537 tum
571 2474 644 2536 vere
674 2490 748 2539 esse
775 2473 924 2536 officinam
951 2476 999 2537 tici

104 2580 133 2644 in
147 2598 208 2660 que
220 2592 299 2658 opus
314 2596 403 2643 suum
416 2581 517 2643 iacere
532 2581 639 2659 possit,
660 2580 743 2658 quod
753 2579 869 2658 Penius
880 2581 959 2640 Rom.
978 2578 999 2643 t

105 2685 133 2746 ei
157 2666 272 2758 tribuit,
294 2693 327 2748 ut
347 2693 439 2749 vocet
458 2703 496 2749 ea
517 2703 597 2765 qnae
618 2703 677 2749 non
700 2694 780 2758 sunt,
801 2694 836 2747 ut
856 2686 917 2747 sint
935 2694 980 2746 etc.

187 2792 219 2853 Si
241 2792 312 2871 quis
332 2793 423 2854 anxie
443 2791 521 2854 haec
542 2793 607 2852 vult
628 2791 824 2867 distinguere,
847 2790 893 2851 sic
913 2791 997 2851 distin

105 2906 192 2975 gunt,
229 2897 312 2975 quod
346 2902 473 2959 tremere
505 2904 553 2958 eet
583 2897 699 2959 habere
732 2895 946 2958 conscientiam
972 2913 999 2958 e:

104 3005 186 3080 tege.
214 3003 341 3080 spiritus
363 3001 592 3075 contritusest,
623 3002 738 3064 habere
761 3010 791 3064 et
812 3004 923 3063 sentire
944 3019 999 3079 pec

105 3115 220 3181 catum,
251 3113 418 3184 peupertes
439 3114 500 3179 est,
528 3108 640 3168 sentire
660 3113 787 3169 mortem
809 3114 839 3168 et
859 3109 999 3170 internum

104 3215 199 3276 Porro
208 3213 362 3290 respicere
376 3219 432 3284 est,
453 3227 489 3280 se
506 3213 667 3275 ostendere
689 3219 840 3275 ementem
862 3220 892 3275 et
912 3214 999 3290 benig

88 3337 184 3382 ¹num.
226 3316 339 3379 Aiiiicti
365 3317 443 3378 enim
472 3318 579 3395 alege
608 3317 724 3380 habent
744 3325 815 3380 ante
835 3335 871 3380 se
892 3308 999 3381 dorsus

104 3423 168 3486 Dei.
215 3402 291 3485 Huic
323 3421 461 3499 aspectui
487 3420 537 3484 hic
568 3424 699 3486 occurrit
727 3425 852 3502 spiritus
881 3433 999 3486 sanctus

103 3536 134 3590 et
154 3528 240 3590 dicit:
283 3527 347 3590 Nou
370 3528 416 3590 sic
437 3536 500 3600 est,
523 3514 564 3599 ,ut
584 3538 617 3593 tu
639 3532 772 3608 cogites
805 3548 915 3594 amove
936 3532 999 3594 iiten

102 3634 247 3712 speciem.
288 3633 353 3712 Ego
375 3634 456 3697 enim
478 3639 508 3695 te
528 3635 670 3714 respicio,
692 3638 781 3698 ieveo
803 3636 865 3711 tibi,
886 3655 945 3700 non
964 3654 999 3699 o·

100 3747 149 3814 te,
171 3733 302 3802 cicuitu
322 3740 399 3803 falso
421 3745 520 3818 putas.
