2258 4170
85 198 193 293 Ι390
299 243 350 264 .-
481 196 625 292 Enmretio
648 197 763 260 uhedm

45 430 47 435 >
127 349 184 445 reu
204 350 368 445 infantulus
388 386 454 452 est,
475 395 570 458 quem
587 394 683 457 nemo¹
698 376 845 450 metuere,
866 375 924 439 sed
947 362 1042 446 omues
1091 422 1093 449 ;

13 532 17 541 «
131 507 201 552 enm
219 487 334 551 tidueia
349 488 497 548 invocare
519 492 649 563 possunt
672 500 709 546 ae
732 484 855 545 dehent
944 496 950 517 t

215 595 277 655 Sed
299 593 399 662 nohis
414 593 464 667 (ut
486 591 568 666 dixi)
590 584 700 652 dicitur
720 597 751 650 et
772 597 821 650 est
842 570 936 672 puer,
965 590 1046 655 nohis

12 692 15 699 '
81 719 84 727 ·
133 695 316 758 aethlius.
333 682 529 758 Adversdriie
550 712 611 759 uon
633 704 682 759 est
702 695 795 768 talis,
810 710 892 789 quos
915 697 1046 772 quamvis

133 801 235 877 gladio
268 819 328 863 non
359 801 494 874 oeeidat,
521 796 670 877 judicahil
701 809 805 887 tamen
826 811 888 863 suo
910 808 1047 878 tempora

133 907 384 984 Distinguendum
412 923 485 983 ergo
507 906 584 968 inter
604 924 662 969 nos
685 914 716 968 et
737 922 845 969 omnes
869 898 1047 994 incredulos.

126 1011 334 1096 *credentibus
347 1013 403 1073 in
396 1030 498 1090 rpsum
514 1019 561 1074 est
583 1027 667 1088 puer,
689 1013 821 1079 blandus
843 1019 875 1074 et
896 1012 1067 1123 propitius,

115 1133 194 1181 non
216 1125 318 1195 potest
338 1119 432 1192 ierre,
454 1127 488 1180 ut
508 1117 540 1177 hi
563 1117 750 1181 damnentur
816 1116 821 1123 “

121 1230 123 1235 ’
214 1222 292 1287 Cum
306 1223 463 1285 Pharisaei
486 1229 517 1284 et
535 1223 662 1285 Serihae
684 1222 868 1295 damnantes
889 1194 1050 1299 discipulos

135 1327 247 1391 christi
268 1328 418 1401 dicerent,
445 1328 592 1424 Discipuli
614 1329 657 1389 tui
679 1328 947 1404 transgrediuntur
968 1326 1051 1390 tradi-

135 1435 236 1496 tiones
259 1442 394 1512 patrum,
424 1450 484 1496 non
505 1435 610 1493 lavant
623 1448 754 1505 manus,
777 1434 894 1495 vellunt
914 1442 947 1497 et
967 1433 1058 1497 edum.

132 1541 259 1617 spinas,
306 1538 446 1601 christus
467 1539 648 1616 respondet,
687 1538 721 1599 Si
752 1539 874 1601 sciretis
907 1539 984 1618 quid
1012 1541 1054 1612 sit

67 1680 70 1687 ·
137 1634 376 1707 misericordiam
391 1627 462 1706 vole
484 1650 596 1735 etxnou
613 1639 892 1717 sacrificiumlnen
914 1645 1054 1709 condem·

136 1751 273 1813 nossetis
292 1750 478 1812 innoeentes.
520 1749 577 1810 ilio
597 1749 754 1822 videmus,
781 1767 876 1829 quam
896 1752 980 1812 terre
1001 1766 1054 1812 non

94 1847 98 1858 '
137 1855 238 1932 possit
259 1853 414 1926 Christus,
443 1861 478 1916 ut
505 1855 665 1917 eredentes
692 1855 847 1934 idipsum
869 1856 1054 1918 damnantur.

75 2044 79 2048 ²
105 1973 109 1982 “
204 1959 272 2022 ‘Sic
292 1962 322 2021 in
343 1967 407 2023 tota
429 1958 558 2023 historia
581 1958 761 2036 evangeliea
782 1949 873 2023 vides
893 1962 1055 2029 infantilem

137 2066 328 2138 blanditiem,
357 2064 553 2138 suavitatem,
583 2064 818 2139 humanitatem,
841 2066 1055 2138 affabilitatem,

139 2172 311 2235 comitatem
343 2179 372 2232 et
403 2171 625 2248 benignitatem
660 2187 728 2232 oum
751 2179 835 2234 tanta
855 2168 1093 2289 simplioih'rte,¹

139 2285 187 2339 ut
195 2279 333 2338 videatur
355 2276 488 2354 puellus.
526 2278 640 2339 Verum
662 2278 715 2338 ubi
738 2278 888 2341 excitatur
909 2286 942 2340 et
964 2246 1093 2341 irrite·

51 2375 53 2379 ’
138 2380 186 2446 tur
222 2383 260 2444 eh
290 2382 475 2461 hypocritis,
509 2362 737 2456 sacerdotibus,
770 2385 880 2447 serihis
912 2392 986 2457 ete,
1018 2385 1093 2489 lhii

138 2490 228 2551 ahhm
243 2505 317 2567 pme
334 2505 370 2550 se
391 2491 448 2550 lert
468 2489 577 2550 laoiem
599 2507 691 2568 quam
714 2491 871 2568 puerilem,
894 2489 938 2550 ibi
961 2490 1053 2553 enee
1091 2572 1093 2577 Ι

81 2660 87 2669 ,
139 2602 216 2656 stem
250 2601 280 2656 et
300 2592 450 2656 >ihdnitam
478 2594 642 2671 potentiam
671 2603 702 2656 et
729 2595 913 2672 sapientiam
945 2595 1053 2657 exserit
1091 2596 1093 2665 ξ

140 2707 170 2761 et
190 2700 332 2763 ostendit
375 2714 377 2729 “
439 2747 441 2750 -
946 2765 950 2768 .

222 2805 309 2880 Quod
331 2804 402 2866 item
423 2805 521 2876 addit,
551 2804 654 2867 Filium
676 2806 767 2867 nohis
790 2806 911 2877 datum,
933 2806 965 2866 id
987 2821 1053 2866 nero

32 2967 36 2982 ,
95 2898 111 2952 ,⁴
140 2910 361 2986 amplissimam
381 2918 423 2995 ‚et
447 2912 629 2974 uberrimam
660 2913 902 2974 consolationem
923 2918 953 2972 et
972 2927 1053 2988 spem

139 3009 230 3077 nohis
243 3017 429 3093 suppeditat.
458 3017 533 3092 Quid
552 3019 632 3078 enim
655 3017 752 3095 potuit
774 3017 848 3078 dare
866 3017 962 3078 nohis
978 3017 1053 3077 Deus

103 3122 106 3129 '
140 3120 240 3196 maJus
263 3129 292 3201 et
314 3121 459 3198 amplius,
478 3112 691 3200 'quam-quod
714 3123 806 3185 lilium
829 3139 919 3184 suum
942 3120 1054 3182 infinita

81 3285 84 3291 ,
139 3227 275 3288 bonitale
289 3234 319 3287 et
332 3215 485 3289 suauitate
501 3228 589 3290 nobis
607 3229 690 3290 dedit
710 3236 741 3289 el
761 3229 878 3301 obtulit,
900 3238 932 3291 ut
954 3228 1054 3290 nohis·

90 3347 93 3352 ·
140 3348 209 3393 eum
237 3316 425 3410 loqueretur,
463 3334 531 3394 iude
553 3350 610 3395 sua
632 3351 689 3396 nos
711 3334 919 3412 perfunderet,
950 3343 981 3394 el
996 3319 1055 3397 xnes
1083 3408 1087 3417 Ι

11 3512 19 3535 ι
141 3438 276 3498 vicissim
301 3437 491 3506 'auderemus
520 3451 588 3500 num
615 3457 654 3500 eo
685 3440 780 3529 ioqui,
818 3447 916 3518 utque
946 3440 977 3500 iri
1000 3440 1056 3501 lide

140 3543 228 3604 istius
264 3542 385 3640 inieritis
419 3551 450 3604 et
480 3543 533 3607 lilii
568 3529 673 3611 eonha
700 3553 806 3623 portas
833 3542 1001 3619 interorum
1029 3554 1058 3609 et

140 3647 240 3708 omnia
271 3646 382 3708 diaboli
409 3639 665 3712 terriculamenta
679 3652 849 3713 consistere
879 3668 1056 3728 possemus.

21 3804 24 3819 ,
83 3762 85 3765 ·
138 3752 218 3825 Puer
238 3751 329 3823 nohis¹
349 3759 439 3847 natus
462 3759 523 3827 est,
550 3755 642 3819 nohis
662 3760 752 3818 etiam
774 3772 850 3834 puer
872 3751 992 3831 mdnet,
1015 3759 1058 3822 sie

1089 110 1093 235 l

993 270 999 281 ·
1090 248 1093 297 l

1090 344 1093 375 ι
