2258 4170
432 138 737 257 ὓιρς·-53.Μα
880 248 882 255 Ι
962 161 1107 237 461}

193 361 261 420 Hae
282 359 384 431 modo,
406 375 468 436 quo
489 357 603 420 iudaei*
617 350 768 458 ΜΨ)
791 354 1023 431 obstupescunt,

109 474 263 537 vuttuoae
276 461 454 544 abhorrent,
476 467 590 550 ipsum
611 458 819 552 destinatis
840 463 938 546 itaftn
958 467 1038 530 aut

110 575 207 642 &tien
221 578 258 639 ad
281 566 472 655 praese'ntem
486 574 646 648 christum,
667 576 719 654 qui
733 581 860 652 apparet
871 573 911 633 -in
932 588 1023 635 sean-

111 684 222 746 daiosa
244 685 359 754 farma,
382 682 522 754 moritur,
547 667 738 758 crucifigitur,
760 686 793 738 et
811 661 1042 769 nutiustdeenr

107 791 137 850 in
160 789 212 851 itio
234 796 379 866 apparet,
402 786 521 857 e‘ifleiet,
543 792 798 863 at··aspergantur
818 790 926 859 gentes
947 785 1024 845 mut-

107 904 167 964 tae,
191 910 272 972 qttae
292 893 449 954 admittent
467 890 547 953 hane
568 891 788 967 aspersionem,
810 895 926 949 etcum
948 905 1024 964 gau·
1084 903 1086 909 ·

108 1001 160 1061 dio
196 1000 344 1076 accipient
376 998 518 1068 verbum,
552 997 635 1074 quad
670 1011 825 1072 nunquam
854 995 1023 1071 *audierunt

105 1105 198 1182 iaxta
220 1104 291 1166 ittud
314 1103 384 1167 Esa.
405 1099 454 1173 65,
480 1102 702 1177 Quaesivemnt
723 1103 787 1172 me,
800 1101 854 1179 qui
872 1108 945 1163 'ante
965 1116 1028 1163 aaa

109 1210 347 1286 interrogarunt,
380 1218 410 1271 et
435 1205 491 1281 53,
524 1208 643 1283 Quibus·
661 1225 720 1268 non
743 1215 894 1267 narratum
916 1211 964 1267 est
985 1205 1029 1271 de

105 1332 156 1388 eo,
180 1316 325 1376 viderunt.
356 1311 407 1380 &a
426 1313 458 1392 tit
479 1309 646 1392 aetutem
659 1309 788 1379 iiidutm
809 1311 868 1378 tunt
889 1311 1023 1394 putamen
1052 1390 1054 1400 y
1078 1381 1080 1391 ,

106 1420 171 1493 eut,
196 1415 282 1500 tatia
302 1418 499 1502 unpemnntt..
596 1451 598 1454 ·
846 1488 870 1501 ,,
982 1484 986 1499 2

147 1578 150 1583 .
192 1526 340 1603 ttaenim
371 1528 550 1597 translatum
571 1540 697 1601 regnum
715 1523 885 1607 christiad
907 1532 1044 1600 gentes,

106 1649 194 1709 quae,
221 1633 347 1694 veniunt
368 1633 434 1694 sine
456 1648 514 1694 sua
529 1631 694 1708 dignitate,
723 1632 837 1692 meritis
858 1639 889 1693 et
905 1629 1022 1707 justitia
1046 1684 1048 1689 .

107 1738 200 1815 tegis,
224 1738 263 1799 ad
284 1737 365 1800 hane
386 1737 611 1815 aspersionem,
633 1754 695 1818 qua
717 1740 881 1800 salvantur.

190 1845 285 1906 immo
299 1844 381 1921 quod
396 1844 464 1920 ptus
480 1849 536 1914 est,
558 1843 604 1904 ate
618 1850 761 1920 asperget
772 1848 879 1920 gentes
901 1842 1022 1917 multas,
1106 1852 1109 1858 '

105 1958 139 2010 ut
167 1949 261 2010 etiam·
287 1965 377 2025 reges
407 1964 442 2010 se
464 1948 584 2010 Christo
605 1948 788 2030 subjiciant,
820 1949 909 2027 quasi
931 1942 1021 2025 dieat,

105 2064 167 2116 tam
191 2055 320 2116 sublime
341 2062 371 2115 et
392 2056 555 2116 exaltatum
578 2056 633 2116 erit
654 2054 721 2130 eJus
743 2072 883 2133 regnum,
910 2065 941 2119 et
960 2056 1020 2118 hae

105 2161 288 2237 aspersione
316 2160 361 2221 sie
389 2160 547 2237 procedet,
582 2169 615 2221 ut
642 2160 733 2222 etiam
755 2163 856 2238 eapite
878 2163 1020 2239 gentium,
1094 2148 1096 2156 ⁸

108 2266 281 2328 sublimitas
302 2265 420 2338 mundi,
457 2272 486 2326 et
513 2272 546 2327 ut
567 2250 666 2326 Da'v'id
688 2266 742 2339 ait,
771 2269 925 2330 excelsum
948 2285 1022 2346 prae
1096 2338 1098 2342 ,

106 2372 232 2448 regibus
254 2379 368 2444 terrae,
389 2378 420 2432 et
450 2386 544 2447 regna
566 2373 667 2449 atiqna
689 2372 792 2433 mundi
815 2389 851 2434 os
873 2375 1022 2452 claudent,

102 2484 134 2538 et
160 2478 204 2538 de
232 2479 298 2539 suis
325 2478 441 2538 viribus
469 2487 529 2539 aut’
551 2477 685 2554 patentia
713 2476 783 2537 nihii
806 2480 1030 2557 gioriabuntur,
1068 2526 1071 2537 .

105 2583 256 2655 dieentes,
290 2581 355 2645 Non
378 2582 543 2659 gloriamur
562 2583 592 2643 in
614 2583 726 2644 nostris
748 2583 863 2658 regnis,
894 2584 1019 2661 justitia,
1074 2591 1075 2597 ’

104 2689 256 2765 sapientia
289 2696 339 2749 aut
362 2672 508 2765 petentia,
541 2704 609 2749 urm
631 2703 738 2750 sumus
757 2670 868 2767 pulvis.
883 2698 913 2752 et
934 2693 1019 2766 ainis,

104 2792 245 2855 Christus
268 2808 340 2855 vero
362 2800 410 2855 est
430 2809 485 2855 rex
506 2794 657 2856 exaltatus
679 2811 775 2871 super
794 2796 905 2858 amnia.
937 2828 940 2833 ·

187 2899 262 2975 Quid
295 2898 365 2960 ieeit
392 2897 447 2959 tibi
477 2898 565 2960 rexi.
589 2899 702 2977 quibus
724 2901 816 2964 aruris
837 2909 867 2964 te
888 2888 1018 2980 subieett
1059 2970 1060 2974 ,

101 3005 185 3066 sibit
226 3004 285 3066 Ubi
312 3011 360 3065 est
386 3002 453 3080 ejus
484 3013 655 3077 annatura,
673 3006 841 3081 exercitus,
862 3009 1026 3085 potentini

101 3110 255 3181 Verbum,
283 3108 367 3188 qund
395 3125 459 3201 per¹
477 3126 514 3172 ns
542 3110 696 3172 infantium
724 3112 872 3190 aspergit,
900 3113 956 3186 ita,
984 3122 1018 3176 ut

100 3215 181 3277 uitro
202 3230 275 3276 aare
295 3212 459 3290 subjiciant
479 3215 521 3287 ei,
551 3232 642 3293 quem
663 3216 785 3289 iudaei,
808 3219 920 3296 quibus
945 3236 1015 3297 pro-

99 3321 219 3400 missus
239 3327 317 3392 erat,
339 3321 499 3382 notuerunt
517 3337 646 3398 regnare
667 3338 761 3399 super
781 3338 832 3396 se,
853 3329 884 3384 et
903 3324 1015 3398 dieunt,
1074 3303 1078 3310 ¹

97 3422 229 3487 Domine
249 3425 323 3488 Jesu
343 3421 471 3499 christe,
493 3426 639 3503 miserere
658 3429 761 3503 nestri,
783 3443 842 3506 epa
862 3442 923 3490 non
945 3444 1014 3492 aum

97 3545 170 3604 rex,
190 3533 283 3593 immo
304 3529 378 3594 nihil
399 3545 469 3592 sum
489 3542 632 3610 respectu
652 3535 704 3600 tui.

172 3751 255 3829 ‘Mn
274 3753 336 3809 edtt.
356 3753 438 3810 ittae
473 3752 636 3811 dammone.
