2258 4170
400 187 466 264 Gap.
487 182 516 250 9.
538 188 646 273 Esaiae.
673 229 677 242 ι
708 166 715 177 ’
877 230 890 251 ν,
912 176 985 248 4Ό9“
1052 225 1056 235 -

61 364 204 434 fecimus,
224 366 262 428 de
295 365 398 444 jugo,
430 367 530 459 uirga,
578 352 717 444 sceptro,
757 366 852 439 bello,
874 366 974 466 luce,
1107 342 1110 349 ¹

63 487 141 548 pace
162 478 220 533 etc.

144 613 252 680 Juduei
280 591 476 698 crucifixores
498 617 608 680 Christi
636 588 871 683 sceleratissime
892 615 992 697 hunc--

62 722 161 784 locum
184 723 353 801 depravant
374 733 403 785 et
426 733 630 802 corrumpunt.
667 724 899 802 Prophetascx
919 739 975 784 no·

64 824 145 889 mina
175 830 279 890 infanti
312 839 341 892 ct
368 831 429 893 tilio
459 829 528 892 lruic
556 831 668 894 tribuit.
711 829 849 908 Quinque
872 830 975 906 priora

63 934 165 1010 legunt
186 938 216 997 in
238 934 433 1020 nominativo,
455 944 576 1021 sextum
590 939 618 998 in
630 938 820 1008 accusativo,
841 931 991 996 adhunc

64 1041 203 1112 modum,
233 1050 263 1102 et
285 1024 411 1104 vocabit
434 1059 543 1104 nomeu
573 1043 640 1119 eJus
663 1045 705 1117 is,
729 1044 787 1121 'qui
807 1051 856 1133 est
878 1040 997 1119 admi-¹

63 1146 180 1231 rabilis,
213 1149 418 1219 consiliarius,
448 1150 545 1218 Deus,
574 1149 660 1210 fortis
688 1156 717 1210 et
739 1155 824 1224 pater
846 1145 976 1219 aeterni-

62 1250 146 1323 tatis,
177 1253 354 1330 principem·
376 1255 470 1330 pacis.
508 1255 595 1321 ,Haec
617 1261 665 1314 est
691 1253 860 1314 maledictio
883 1253 978 1323 mani·¹
1030 1259 1034 1269 “
1069 1291 1088 1310 κ

64 1357 149 1426 festa,
172 1365 202 1417 et
220 1352 391 1434 intelligunt
413 1358 602 1432 dedzechia
623 1343 710 1433 rege,
739 1359 795 1418 scd
825 1357 907 1451 quod
930 1357 976 1438 sic
1060 1419 1061 1424 ,

58 1459 184 1539 intelligi
214 1480 274 1524 nou
296 1464 408 1540 possit,
438 1454 570 1525 diximus
598 1471 628 1523 et
657 1471 735 1526 aute.
778 1463 893 1555 Toxlus
921 1465 967 1524 lo·
994 1533 996 1538 ,
1100 1510 1110 1525 .

60 1567 163 1649 quitur
191 1568 229 1628 de
251 1569 387 1646 principe
414 1570 543 1645 parvulo
573 1569 643 1630 dato
672 1569 788 1651 etvfilio
817 1568 902 1638 dato,
936 1567 976 1627 de

60 1672 185 1732 laetitia
204 1681 342 1746 aeterna,
375 1674 453 1735 sicut
475 1675 513 1734 de
543 1675 669 1736 victoria
696 1674 815 1745 mortis,
849 1670 975 1749 peccati,

60 1777 139 1852 legis
162 1785 192 1837 et
214 1779 252 1839 de
273 1790 359 1856 rege,
395 1768 483 1868 cujus
518 1782 603 1857 regui
631 1797 691 1840 nou
713 1779 753 1840 sit
773 1777 860 1853 finis;
895 1777 975 1847 item,
1048 1828 1051 1833 .
1089 1759 1092 1767 ⁴

61 1882 231 1963 pacisnon
254 1886 309 1945 erit
329 1883 407 1946 finis.
451 1870 525 1960 Quid
540 1902 621 1961 ¹ergo
649 1887 758 1946 latrant
785 1890 889 1984 contra
911 1898 975 1941 ma-

62 1984 223 2047 nilestam
226 1991 487 2063 grammaticam·
508 1991 667 2051 Manileste
690 1989 745 2050 hic
774 1997 805 2050 et
826 1989 976 2050 scelerata

62 2092 177 2155 malitia
199 2110 303 2154 eorum
326 2110 397 2156 sese
425 2095 537 2173 prodit,
564 2103 597 2182 ut
624 2095 747 2171 ubique.
789 2094 875 2155 Sicut
895 2075 985 2153 'enimx
1015 2130 1022 2145 ·

37 2200 40 2204 ’
62 2195 215 2261 Christum
228 2193 449 2271 crucifixerunt,
471 2202 517 2297 sic
538 2207 568 2261 et
591 2186 974 2285 uerbaprophetsaeipsius

63 2301 282 2378 crucifigunt.
979 2290 983 2312 '

145 2431 206 2491 Sex
234 2440 313 2501 sunt,
330 2432 471 2495 distincta
492 2414 626 2504 nomina,
651 2440 685 2494 ut
706 2433 781 2504 dixi,
816 2441 846 2494 et
872 2428 973 2493 tamen
1021 2419 1022 2422 ¹
1065 2446 1067 2453 ’

60 2537 164 2612 priora
186 2513 445 2615 quinquetaciuut
466 2541 705 2611 alteriuscasus,
728 2555 820 2615 quarn
842 2544 972 2610 sextum,

60 2649 91 2700 et
112 2642 344 2717 interpretantur
365 2644 425 2716 sic,
458 2644 509 2706 ille
531 2646 612 2706 Deus
634 2642 821 2706 admirabilis
841 2650 897 2703 etc.
919 2658 974 2702 vo·
998 2638 1001 2647 ⁴

46 2746 245 2813 ‹cabitbunc
272 2763 374 2824 regern
397 2748 573 2821 Ezechiam,
606 2752 770 2827 principem
801 2735 895 2826 pacis.
938 2747 974 2808 Et
1001 2801 1032 2822 „
1089 2770 1106 2787 κ

60 2854 120 2911 vel.
132 2841 202 2913 binc
219 2861 310 2930 patet,
332 2854 413 2930 quod
428 2855 509 2916 Deus
523 2871 579 2916 eos
591 2856 747 2916 tradiderit
763 2857 791 2916 in
808 2855 972 2952 reprpbunr

48 2973 197 3020 ¹sensum
242 2959 322 3019 Vera
344 2959 388 3019 ira
410 2961 463 3020 Dei
485 2976 577 3036 super
599 2976 654 3061 eos
677 2962 808 3022 venitin
830 2960 928 3022 finem.

128 3062 433 3178 Nostriinterpretes
456 3111 485 3165 ct
502 3121 608 3168 omnes
619 3104 778 3167 Christiani
801 3107 838 3167 de
854 3104 974 3167 christo
1002 3078 1012 3100 ⁸

58 3209 215 3268 salvatore
242 3214 347 3268 nostro
376 3209 556 3300 intelligunt,
588 3211 626 3271 de
638 3228 720 3290 quo
729 3213 809 3272 sold
830 3183 971 3288 loquitur.
1014 3239 1018 3249 ·

57 3311 188 3387 Quidam
220 3328 270 3372 ex
287 3312 501 3409 interpretibus
535 3315 633 3377 hacc
646 3311 702 3411 sex
743 3317 893 3377 vocabula
926 3315 972 3376 sic

56 3414 287 3492 couJunirerunt
310 3399 458 3480 utfiercnt
479 3421 534 3499 tria
556 3404 679 3499 nomina
701 3403 887 3501 combinata:
910 3422 971 3482 Ad·

57 3523 206 3583 mirabilis
230 3524 430 3594 consiliarius,
453 3526 544 3596 Deus.
557 3527 651 3598 tortis,
674 3535 760 3604 paler
778 3534 920 3621 aeternus
942 3533 972 3586 et

55 3628 202 3704 princeps
230 3630 325 3704 pacis
368 3608 593 3707 Hieronymus
611 3632 701 3692 sentit
728 3649 799 3692 esse
834 3647 904 3702 sex,
921 3637 971 3739 ct

16 3770 25 3778 -
53 3741 149 3794 recte
175 3726 328 3827 Eamque
350 3736 529 3822 senteutiam
552 3754 609 3799 nos
632 3739 880 3857 servabimus.
