2258 4170
363 181 429 275 cap.
450 130 611 272 sauna
655 244 662 268 ⁸,
800 153 802 157 ’
853 144 940 239 '401
1055 123 1058 134 ¹

26 364 58 418 et
81 354 500 435 immitterejucundissimas
519 357 728 434 cogitationes,
751 364 783 418 ut
803 355 892 434 ptrtes
915 365 943 418 ts
983 384 984 391 ι
1045 337 1047 340 ’

21 448 101 524 'esse
123 464 200 525 inter
221 465 347 540 angelos
370 469 426 527 etc.
461 447 774 538 Quantumvisautem
791 463 946 542 jucundae

27 554 105 643 sint,
134 569 261 631 infundit
282 576 459 651 tameu,eas
478 569 507 628 in
529 585 596 642 eor,
626 571 716 644 longe
738 568 797 630 alio
819 568 955 631 consilio*

28 683 60 734 ct
82 675 113 763 in
137 675 226 735 atium
249 674 352 747 tinem,
386 681 633 752 quamputatur.
677 673 765 750 Certe
795 671 872 736 tales
895 691 948 737 eo·
971 688 997 743 s

28 780 194 856 gitationes
216 789 246 842 et
267 770 501 841 illuminationes
523 783 593 843 sunt
614 787 700 853 extra
721 779 818 842 filium
834 781 948 844 datum.

27 870 116 946 muru
145 885 197 947 hic
226 886 379 977 fregerunt
413 886 539 958 cottum,
572 893 602 946 et
618 870 763 962 ‘graviter
792 888 973 975 periclitati!
1042 870 1051 891 v

31 999 114 1053 sunt.
561 977 564 986 ’
647 980 650 986 ’
1087 1064 1094 1085 Ι

72 1096 180 1174 Ego
204 1112 275 1158 vero
297 1098 414 1158 suadeo
436 1103 613 1169 etmoueo,
644 1104 687 1159 ut
698 1097 880 1174 contemptis
903 1097 951 1160 his
1001 1125 1005 1131 =
1096 1088 1103 1105 ‘

29 1203 179 1285 incipias
185 1200 251 1263 fieri
265 1218 371 1279 puer
364 1218 432 1263 eum
455 1217 560 1279 puero,
581 1199 745 1265 fitiuseum
767 1201 839 1265 filio.
866 1204 952 1294 Hune

31 1310 220 1387 amplectere
233 1308 367 1386 positum
390 1308 419 1369 in
433 1308 596 1385 praesepio
618 1309 697 1369 etin
710 1291 814 1371 matris
828 1311 953 1386 gremio.

30 1415 64 1476 in
89 1431 127 1475 eo
148 1423 179 1476 te
200 1408 343 1476 oblectes.
385 1404 424 1474 Si
446 1411 496 1473 hic
517 1412 596 1474 iilius
619 1413 671 1474 tibi
694 1415 802 1493 piacet,
825 1415 851 1476 si
873 1414 955 1476 hune

30 1520 149 1592 habes,
182 1519 208 1581 si
229 1517 465 1596 huie'inhaeres
486 1525 516 1580 et
537 1516 650 1590 affixus
672 1503 748 1597 esf
756 1522 816 1580 non
841 1522 955 1597 poteris
1106 1602 1108 1611 γ

33 1628 195 1710 aberrare,
215 1606 275 1686 nori
298 1624 483 1698 hallucinari,
506 1639 565 1685 uon
580 1624 690 1693 'venire
713 1623 742 1686 in
763 1626 855 1687 ultum
878 1628 981 1705 peri·.
1090 1648 1095 1660 ·

42 1734 154 1795 cutum.
197 1729 270 1793 Cum
301 1729 362 1792 hoe
396 1729 459 1791 titio
482 1728 591 1813 *habes
623 1737 748 1806 patrem
782 1733 956 1806 coelestem,

15 1882 20 1897 ,
43 1838 143 1900 habes
166 1836 304 1914 spiritum
321 1812 474 1909 sanctum,
496 1833 905 1918 habessav'entesangelds
928 1847 958 1899 et
1066 1870 1081 1889 «

38 1942 201 2005 universas
224 1948 389 2003 creaturas.
417 1939 520 2013 'Certe
551 1943 631 2003 nutla
659 1950 798 2003 creatura
826 1943 880 2003 tibi
911 1946 957 2004 vel

42 2051 204 2127 minimam
248 2032 418 2134 ipjmioiam
461 2047 570 2107 interre
610 2047 750 2141 poterit*
778 2046 958 2108 Ambulabis
1014 2092 1021 2099 -

40 2171 134 2233 super
157 2152 296 2230 aspidem
320 2160 350 2214 et
370 2152 559 2223 basiliscum,
581 2159 612 2213 et
622 2152 818 2213 conculcatus
841 2153 958 2212 iconem

10 2269 68 2339 =et
87 2250 283 2321 draconem..
312 2256 383 2319 Es
377 2273 444 2319 rex
485 2261 515 2319 et
552 2256 694 2332 domiuus
730 2257 961 2325 dominantium
1037 2323 1039 2328 ,
1098 2262 1102 2269 “

43 2366 139 2443 Quid
144 2363 275 2442 requiris
296 2362 451 2439 amplius?
578 2366 581 2373 '

21 2530 28 2541 ,
107 2469 258 2531 Primum
280 2469 417 2530 omniurn
438 2484 513 2545 ergo
538 2459 598 2529 hoe
621 2484 692 2561 age,-
704 2474 737 2529 ut
748 2466 964 2575 apprehendas

36 2551 122 2638 hune
145 2566 317 2653 parvulum,
338 2572 389 2634 hic
403 2572 455 2634 tibi
477 2571 518 2636 sit
534 2554 862 2667 commendatissimus,
884 2542 966 2635 hund
1000 2559 1006 2578 ²

38 2682 127 2746 dordi
158 2687 211 2742 tuo
241 2678 332 2756 affige
361 2684 469 2739 natum
501 2678 539 2739 de
554 2677 657 2738 Maria
685 2679 818 2756 virgine,
853 2687 883 2740 et
911 2680 965 2765 Del

38 2788 138 2850 etiam
165 2763 268 2848 fitium.
312 2784 345 2845 Si
379 2783 462 2845 hune
487 2776 740 2861 apprehendisti,
774 2800 903 2847 securus
936 2796 966 2848 et

38 2901 129 2957 tutus
157 2870 192 2954 os
222 2891 261 2952 ab
292 2889 433 2951 omnibus
460 2886 574 2950 diaboii
608 2888 739 2951 insidiis
754 2898 785 2951 et
810 2890 967 2954 maehina·

37 2980 164 3069 ruentis.
207 2995 239 3058 Si
262 3011 335 3056 vern
360 2992 522 3072 parvulum
544 2993 634 3067 huuc,
654 2994 758 3057 iratum
780 2995 820 3057 de
840 2997 966 3074 uirgine,

43 3120 87 3166 ex
109 3101 207 3180 acuis
229 3101 424 3178 seposueris,
451 3106 486 3161 et¹
502 3074 736 3178 specr'dattunes'
753 3100 791 3162 de
812 3101 968 3187 divinitate
999 3171 1001 3175 ,

42 3207 242 3288 intelligenda
264 3204 382 3267 interim
406 3211 543 3269 sectatus
565 3206 672 3278 tueris,
690 3187 849 3284 'nunquam
872 3209 967 3271 iteum

45 3329 234 3392 cognosces.
260 3311 368 3373 -Orede
389 3310 440 3373 hic
461 3310 545 3372 mihi.
577 3311 652 3373 Nam
669 3311 710 3373 sui
732 3319 762 3371 et
779 3328 837 3388 ego
859 3311 888 3387 in
911 3314 969 3376 ista

42 3420 167 3494 schola,
188 3418 240 3480 ubi
263 3417 369 3497 putaui
391 3433 440 3478 me
461 3431 533 3500 esse
554 3415 631 3478 iuter
652 3414 765 3479 choros
786 3416 971 3500 angelorum,

48 3543 127 3589 eum·
163 3512 263 3585 tame'n
298 3524 375 3584 inter
407 3522 547 3585 diabolos
581 3521 683 3599 potius
728 3521 785 3584 sim
821 3518 972 3590 versatus.
1056 3520 1060 3527 ’

43 3633 121 3695 Meo
143 3630 279 3708 periculo
303 3628 389 3691 disee
411 3635 642 3707 caveretuum,
666 3635 705 3724 'st
726 3626 881 3691 descende
903 3647 972 3693 cum

42 3737 122 3830 filio,
146 3737 198 3814 qui
220 3734 292 3797 ideo
305 3734 346 3796 sd
369 3732 575 3808 tedescendit,
596 3740 630 3796 ut
649 3731 679 3794 in
696 3733 750 3795 illo
768 3745 973 3814 cognosceres

13 3891 21 3905 ,
87 3849 182 3897 utheri
196 3846 327 3908 opum.
344 3847 392 3894 vot
407 3845 516 3922 mi..
607 3903 609 3906 y
726 3846 773 3919 21⁸)
