2258 4170
569 39 581 91 t

361 215 382 250 ,ι
421 158 489 234 Gap.
510 151 540 218 9.
562 116 689 223 Esaiae.¹
793 206 808 229 ,.
863 143 1002 273 eall

199 232 213 268 s
244 242 247 249 .

83 341 247 415 mordebit,
273 355 332 400 non
356 333 523 416 discerpet,
554 355 614 400 non
631 320 736 404 'laedet
758 347 799 412 te,
829 338 1005 403 nonhabet
1089 346 1101 427 J

83 448 234 524 gladium,
273 445 327 507 sed
358 441 453 506 ubera
483 450 602 514 metris,
635 444 734 506 iulans
764 427 827 520 est,
862 446 944 522 iacet
972 449 1002 508 in

83 554 237 630 praesepi.
606 604 608 609 .
1110 619 1114 645 ,1

130 637 136 643 ’
162 658 263 720 Nihilo
278 658 377 719 minus
391 663 490 716 tameo
514 656 655 718 dominus
677 662 726 718 est
747 656 830 746 orbis
854 665 1005 737 terrarum
1084 689 1085 695 κ

83 762 328 837 potentissimae,
362 768 396 822 ut
417 763 563 839 scriptum
582 769 644 834 est,
667 762 776 823 Psalm.
798 761 856 826 72:
900 766 1003 828 Domi·
1049 747 1086 783 ’”

83 867 241 927 rabitur‘a
263 868 338 927 mari
360 883 460 944 usque
483 867 521 928 ad
544 878 642 953 mare,
665 868 733 928 ete
754 848 1000 952 flumineusque

83 973 117 1031 td
142 973 288 1032 terminos
310 964 571 1040 orbis‘terrarunr.¹
620 972 657 1032 Et
678 974 809 1040 ecclesie
830 978 918 1050 canit,
940 981 997 1043 Hic
1039 993 1044 1002 '
1067 1022 1070 1029 «

88 1077 199 1153 acetin
214 1079 385 1157 praesepio,
408 1078 459 1155 qui
481 1085 589 1153 regnat
610 1078 677 1139 s'me
698 1080 836 1146 termino.
864 1085 932 1147 Non
954 1095 1002 1150 ta·
1070 1075 1073 1087 ¹

83 1200 148 1243 nen
162 1184 297 1244 mortalis
310 1191 361 1244 aut
382 1183 564 1255 mundanus,
586 1180 641 1243 sed
663 1184 830 1260 spiritualis
853 1168 882 1250 et
905 1200 1010 1271 aetem,
1033 1166 1036 1178 ’

83 1306 134 1350 rus
166 1289 308 1352 dominus
339 1296 369 1349 et
399 1305 454 1350 rex
484 1280 652 1366 perpetuae
683 1291 782 1387 pacis
793 1299 823 1353 et
841 1295 928 1358 vitae
950 1308 998 1362 est
1037 1312 1039 1315 ’

83 1402 108 1456 1t
130 1395 211 1456 idem
228 1394 308 1457 Psal
332 1401 467 1466 testetur,
489 1395 528 1454 In
543 1394 652 1456 diebus
675 1393 741 1469 ejus
760 1396 819 1458 erit
840 1378 998 1466 abunden-
1071 1436 1091 1493 .'

83 1474 241 1594 rapacis,
274 1500 717 1567 donecauleraturluuaetc.
760 1480 997 1586 ldeorriregno'
1092 1550 1116 1575 ..

83 1606 144 1684 Jus
172 1583 254 1668 nulle
290 1612 361 1667 sunt
382 1608 477 1667 arma
519 1606 620 1666 Infans
642 1612 698 1676 est,
721 1606 762 1666 ait
784 1607 914 1684 lescies,
935 1633 1007 1681 non.
1081 1626 1100 1642 ’·

83 1714 172 1779 nabet
193 1713 316 1784 dentem
351 1728 411 1773 non
433 1727 566 1787 ungues,
594 1708 676 1773 nulla
698 1713 727 1771 in
750 1708 788 1773 e'u
810 1718 999 1784 mordacitas·

83 1825 132 1890 est,
152 1818 223 1879 sed
253 1834 384 1878 summa·
401 1816 573 1895 placiditas.
616 1817 765 1879 Describit
792 1822 945 1913 propheta
966 1836 996 1890 et
1056 1854 1081 1877 ‚-

83 1941 144 2001 t.ap
159 1920 209 1985 42.
224 1923 352 1985 eandem
374 1922 467 1998 hujus
488 1923 570 1999 regis
591 1921 809 1988 humanitatem
823 1904 869 1988 'ac
889 1928 996 2010 benig·
1036 1959 1040 1963 ·

83 2031 214 2100 ritatem,
237 2029 290 2090 ubi
312 2029 353 2089 ait
373 2028 527 2100 dominus,
549 2027 629 2088 Ecce
651 2034 775 2091 servus
783 2047 891 2106 meus,-
901 2053 993 2114 quern
1060 2047 1063 2053 '

83 2126 170 2212 elegi‘,
205 2139 234 2196 in
257 2151 319 2213 quo
341 2135 420 2196 berre
442 2134 671 2211 complacitum·
676 2141 724 2196 est
745 2136 864 2199 animae
887 2158 992 2222 meae;
1000 2126 1018 2133 .,

83 2258 133 2302 ron
155 2240 340 2302 contendet
338 2228 440 2318 neque
460 2239 616 2311 clamabit,
644 2255 745 2317 neque
767 2238 907 2307 audietur
930 2267 992 2312 vox

83 2346 142 2424 >jus
170 2348 201 2413 in
230 2346 357 2424 plateis;
386 2345 562 2434 arundinem
593 2346 809 2407 comminutam
838 2366 898 2412 non
921 2369 994 2417 coo·

83 2453 190 2529 ringet,
213 2462 242 2514 et
265 2454 357 2514 linum
379 2429 531 2526 fumigans
554 2467 612 2512 non
635 2451 817 2573 exstinguet
850 2457 916 2528 Non
939 2461 995 2523 erit

84 2559 169 2619 ristis
192 2566 244 2620 aut
265 2556 418 2625 terribilis
463 2599 465 2607 ι

156 2663 270 2752 Paulus
301 2665 357 2726 Tit
385 2660 414 2727 2
446 2663 518 2723 dicit
537 2636 630 2737 eum·
644 2676 716 2723 esse
737 2621 991 2745 φιλάνθρωῇον.

83 2768 219 2830 tstenim
241 2770 270 2830 in
293 2786 331 2831 eo
354 2784 473 2831 summa
494 2767 643 2839 suavitas,
666 2782 785 2829 summa
804 2763 991 2851 χρηστότης,

83 2874 258 2950 tenignites,
290 2847 465 2936 humanitas
488 2881 516 2934 et
538 2873 674 2934 comites.
716 2869 870 2958 χρηστόν
881 2864 991 2945 vocant
1096 2925 1101 2933 ,

83 2981 182 3041 iraeci
214 2981 367 3042 hominem
395 2979 604 3050 commodum,
644 2993 789 3060 suavem,
828 2979 990 3056 placidum,

83 3100 209 3158 omem,
241 3078 588 3163 benignumflecilem,
618 3068 800 3155 humanum,
835 3098 904 3146 cum
927 3069 1003 3165 quo‘
1126 3152 1128 3157 ,

83 3190 279 3253 ›mnifiducia
292 3193 397 3269 possis
413 3172 609 3263 confabulari,
633 3188 792 3251 commode
804 3177 989 3273 cohabitare,
1033 3202 1046 3280 ᾖ
1068 3259 1072 3270 ,
1091 3222 1104 3229 =·

83 3296 124 3374 Jui
149 3298 255 3358 'omnia
278 3297 348 3358 boni
371 3296 519 3375 consulit,
554 3297 606 3374 qui
627 3313 686 3356 oon
709 3295 796 3357 tacite
819 3294 989 3381 offenditur,
1045 3284 1047 3289 ’

83 3419 164 3479 Juem
187 3395 251 3464 scis
272 3408 344 3464 'esse
365 3402 536 3479 propitium,
543 3384 748 3474 clementem,
770 3401 992 3477 ignoscentem,

83 3509 122 3584 Jul
154 3509 242 3570 velit
253 3510 322 3585 plus
344 3509 445 3568 lacere
467 3523 558 3586 quam
581 3512 613 3597 tu
635 3513 733 3583 petas.
760 3505 859 3568 Talis
881 3509 937 3606 erit
959 3517 988 3572 et

83 3621 177 3677 restet
203 3630 267 3676 rex
308 3613 380 3675 Ideo
413 3613 684 3689 impossibileest,
720 3618 753 3710 ut
774 3608 895 3690 possint
915 3631 988 3677 esse
1081 3608 1101 3683 ,'

83 3720 150 3780 ella
181 3726 211 3785 et
237 3721 386 3794 vulnera,
412 3726 483 3781 aut
492 3718 633 3782 caedes·
626 3736 656 3780 m
677 3735 770 3796 reguo
793 3718 876 3795 ejus,
909 3721 983 3799 quie
