2258 4170
179 67 194 83 ⁶
301 128 329 193 J
421 114 438 169 r
521 112 628 173 nanas
691 82 723 127 ’·
946 105 1035 193 ⁸tttl

103 297 174 353 tara
196 306 283 363 essa,
306 292 365 357 non
386 288 539 367 est-quod
563 297 652 367 putes
675 305 724 351 raa
745 288 886 365 ignorare
913 289 1037 367 passio·

103 414 163 459 nes
187 405 279 470 tuas,
306 414 372 458 non·
396 375 501 474 potest
519 396 605 457 aliter
626 395 701 465 lieri.
744 394 809 472 Ego
831 403 933 461 antem
958 393 1054 485 scio,¹

106 510 139 564 et
160 519 293 591 numero
306 503 447 578 gemitus-
460 509 491 585 et
505 503 654 583 lacrimas
675 508 754 573 tuns,
776 502 856 573 sient
879 499 1042 575 inPsalm„

106 607 159 673 56.
181 609 273 675 dicit:
296 607 429 671 Numera
450 609 553 682 lugam
577 623 684 679 meam,
708 614 738 666 et
759 605 867 683 collige
889 604 1032 681 lacrimas
1098 622 1107 687 j

108 719 201 775 meas
221 714 252 776 in
275 721 371 774 ouem
386 713 497 789 tunm}
541 711 602 772 Sed
615 711 782 790 requiritur
791 712 829 789 ad
855 711 932 773 llaec
955 709 1033 773 tides
1079 694 1088 707 ’

109 827 139 880 et
159 818 359 897 experientia
1048 804 1053 827 '

173 1005 389 1085 [vastitas,
412 1004 617 1095 contritio,
640 966 778 1072 tames,
801 1003 968 1079 gladius.

150 1117 248 1194 '.His
275 1134 336 1194 lere
365 1134 525 1197 intestatar
554 1132 695 1195 ecclesia.
741 1130 879 1223 Gladium
910 1128 939 1194 'et
969 1133 1028 1195 vim

110 1240 271 1316 impiorum
301 1216 453 1301 sentimas
484 1237 589 1307 hodie,
619 1239 768 1299 sentimus
796 1238 887 1300 etiarn
908 1240 1027 1301 lamenr.

110 1344 326 1409 Videturerlim
338 1339 470 1411 mandas
488 1345 696 1420 conspirasse,
719 1350 750 1405 ut
764 1340 914 1419 evangelii
937 1344 1024 1405 mini·

94 1427 186 1513 ⁸stros
207 1451 291 1515 lame
311 1448 429 1520 eneam
450 1456 533 1513 tanta
555 1448 673 1536 passim
696 1427 891 1525 rusticorum,
912 1449 1040 1513 citiam*

61 1542 63 1571 ¹
106 1561 133 1614 et
153 1555 324 1617 nobilitatis
346 1554 461 1617 malitia
482 1562 539 1615 est
833 1558 837 1567 '

315 1741 407 1803 Filii
430 1743 483 1803 tui
504 1740 674 1819 projecti
697 1748 796 1803 sunt.
863 1732 869 1739 '

185 1869 265 1945 Quid
288 1870 330 1931 sit
349 1871 433 1942 orla,
454 1870 611 1957 disputant
631 1859 834 1946 grammatici,
865 1887 923 1932 nos
945 1872 1025 1932 acci·
1061 1934 1064 1953 2

101 1975 207 2052 pimus
229 1991 287 2051 pro
306 1975 442 2049 silvestri
464 1976 554 2037 bove.
598 1974 653 2037 Est
683 1976 762 2038 enim
784 1977 916 2038 ecclesia
945 1979 1025 2039 sicut

100 2081 256 2143 silvestris
283 2082 366 2153 iera,
402 2081 431 2142 in
461 2097 524 2159 qna
551 2098 658 2144 ornnes
687 2098 746 2144 sna
774 2081 846 2143 odia
874 2089 1024 2156 exercent,

105 2187 266 2258 venando,
287 2186 498 2265 illaqueando,
520 2187 691 2248 mactando.
734 2187 786 2248 Sic
809 2188 921 2249 Paulus
943 2187 1023 2262 dicit,

86 2309 162 2369 pro
179 2293 311 2371 piaculis
332 2291 523 2355 Christianos
543 2291 666 2364 haberi,
687 2309 817 2370 quorum
839 2303 936 2355 morta
957 2296 1023 2372 pla·

107 2405 194 2459 cetur
214 2398 312 2470 Dens,
332 2406 364 2458 et
381 2398 547 2460 liberentur
567 2397 709 2461 homines
730 2399 770 2461 ab
792 2398 846 2459 ira·
859 2395 938 2479 DeiJ,
962 2398 1023 2463 hoc

72 2502 76 2509 '
111 2503 188 2563 enim
209 2503 392 2571 vocabulum
413 2503 572 2565 catharoae
592 2511 622 2564 et
645 2499 821 2580 peripsema
840 2504 1021 2580 significant

116 2592 194 2688 [tion
222 2609 323 2669 solnm
354 2616 457 2671 antem
489 2609 732 2685 persecutionem
762 2609 929 2687 patiantur,
964 2609 1020 2671 sed

116 2713 199 2773 etiam
224 2713 459 2790 indignationem
481 2714 616 2787 Domini,
641 2723 673 2777 et
699 2715 937 2792 increpationem
966 2715 1020 2775 Dei

117 2818 211 2888 nonni,
229 2816 291 2879 hoc
311 2825 377 2889 est,
401 2819 485 2897 qnod
514 2821 640 2882 laborat-
659 2821 856 2890 conscientia‚
878 2827 909 2880 et
929 2819 1021 2880 sentit

120 2938 150 2984 se
170 2924 259 3000 premi
287 2925 332 2984 ira
359 2931 390 2984 et
420 2925 626 3001 indignatione
646 2925 710 2987 Dei.
757 2925 857 2996 llaec,
885 2922 1020 3001 inquam,

121 3026 266 3090 christiani
297 3030 462 3106 patiuntur.
505 3029 617 3091 Contra
645 3030 768 3108 Epicuri
799 3039 831 3092 et
862 3031 945 3107 porci
979 3030 1020 3090 illi

121 3140 181 3194 sant
203 3135 317 3205 menri,
342 3142 375 3196 ot
403 3135 574 3199 laetissimo
600 3151 752 3199 rnccoesn
781 3136 935 3207 muctar,
962 3134 1020 3197 sed

122 3245 207 3301 lamen
227 3255 330 3315 usqne
348 3241 389 3301 ad
411 3247 543 3318 tempas

94 3422 100 3434 “
177 3488 181 3497 ,
266 3427 370 3491 llaec
389 3427 490 3489 dicit
510 3427 730 3490 dominator
749 3439 851 3493 tans.

186 3551 239 3615 Est
280 3556 465 3632 promissio,
509 3556 642 3618 laturam
678 3564 710 3617 nt
743 3573 763 3618 a
794 3559 884 3621 maiis
920 3562 1018 3622 omni·

98 3655 167 3720 ‘bos
182 3659 313 3724 aad&
332 3661 485 3732 iiberetm
504 3669 537 3723 et
556 3663 636 3723 maie
646 3671 776 3740 peream
787 3663 856 3741 eins
876 3666 1017 3747 inimici}
