2258 4170
170 143 233 255 372
491 191 636 253 Enerrstio
651 190 770 255 ,ubemur
822 237 823 240 ,

168 360 320 434 insontem
337 364 424 432 hune
446 370 627 433 voraveris?
668 369 750 448 Mox,
773 367 826 430 ubi
849 365 981 427 audiunt
999 363 1074 442 hujus

107 471 117 484 '
168 477 292 539 infantis
320 493 447 549 nomen,
483 477 689 538 absterrentur
717 481 749 535 et
776 474 881 551 iugum
898 482 1073 550 ¹capessunt

169 582 340 659 viriumque
363 581 435 643 nihii
457 582 487 642 in
510 598 567 644 nos
589 580 713 642 habent.

251 688 371 764 Quare?
414 687 491 763 Quia
528 688 670 761 maiolus
697 681 896 773 inexpiabile
930 692 1073 761 petentum

168 793 389 868 admisit-reus
403 793 494 870 igitur
503 801 552 861 est
562 792 708 881 mortiset
718 789 926 875 damnationis
941 796 1073 864 aeternae,

33 975 42 999 x
82 980 85 986 Ι
168 898 279 961 oceidit
300 900 380 961 enim
402 897 497 960 filium
519 898 574 959 Dei
602 888 904 967 innocentissimum,
926 886 1072 958 ¹summum

166 1005 251 1078 ittam·
262 1021 435 1082 personum,
457 998 645 1068 adurendum
659 1004 739 1065 iliam
754 1002 959 1078 majestatem,
978 1003 1071 1063 unitum

136 1126 296 1187 prorsus
328 1110 448 1173 habens
476 1126 618 1182 eausam,
655 1108 736 1171 sieut
765 1107 839 1175 dicit
868 1104 1010 1168 christus
1032 1106 1073 1169 tn

166 1213 263 1276 henne
279 1213 336 1279 14:
380 1216 470 1278 Venit
511 1216 655 1294 princeps
689 1211 785 1289 hujus
813 1213 938 1284 mnndi,
972 1211 1075 1275 sedin

166 1337 217 1383 me
238 1338 297 1383 nnn
320 1321 415 1403 hebet
435 1322 615 1401 quidquam.
651 1319 718 1383 Non
740 1323 842 1399 putuit
863 1317 1075 1380 invenire-diu·

149 1403 451 1510 ,intusquidquam
472 1430 582 1507 nutpne
602 1429 632 1489 in
654 1444 693 1489 ea
715 1443 869 1505 persone,
892 1422 1074 1503 nihilominus

166 1540 268 1594 tumen
285 1549 360 1612 ,enm
382 1535 470 1598 murti
502 1533 700 1611 adjudicavit
726 1541 795 1596 ete
823 1529 927 1595 medio
957 1529 1076 1593 sustulit

163 1636 328 1716 Eme-jem
350 1640 492 1704 diabotus
513 1641 612 1704 estin
634 1647 789 1701 ueternum
809 1656 900 1712 reus,
928 1643 1076 1716 pennatum

167 1746 229 1809 hoe
252 1746 292 1808 eb
313 1745 384 1824 ipso
403 1747 433 1808 in
456 1746 536 1808 hane
560 1741 726 1825 personam
759 1752 915 1825 patratum
940 1751 991 1806 est
1016 1743 1078 1837 irre·

162 1852 318 1916 ‘missibite‘
339 1860 369 1915 et
390 1851 598 1931 inexpiabile,
612 1854 686 1930 quia
707 1868 863 1930 nunquam
887 1855 995 1935 pntest
1014 1848 1078 1910 setis

165 1958 268 2025 iecere
291 1974 349 2035 pro
370 1962 417 2031 eo,
439 1959 523 2037 qnod
547 1957 659 2021 oceidit
679 1957 785 2020 Filium
806 1957 873 2018 Dei.
916 1955 994 2016 ideo
1008 1951 1081 2015 Chri·

66 2050 71 2059 ’
167 2070 235 2135 stus
256 2065 287 2159 in
311 2081 347 2128 se
368 2062 438 2143 ipso
467 2064 628 2127 absorbuit
654 2062 809 2127 diabolum
831 2063 863 2124 in
886 2077 923 2124 se
945 2075 1081 2137 grassen-

79 2192 85 2199 ·
167 2177 237 2244 tem,
260 2187 297 2233 ac
318 2185 439 2233 summo
466 2169 556 2232 etium
572 2168 639 2246 jure
660 2187 720 2232 nnn
737 2171 836 2232 solum
851 2167 969 2229 virtute
990 2165 1082 2227 divim

168 2283 356 2365 prostratum
378 2293 436 2339 suu
466 2276 600 2355 potentia
620 2276 719 2350 exuit,
747 2284 790 2338 ‘ut
816 2277 845 2337 in
876 2272 1082 2336 aeternumei

128 2398 130 2402 “
169 2380 328 2460 subjectus
350 2383 397 2455 sit,
419 2389 449 2444 et
471 2383 517 2444 sie
532 2373 700 2458 subjectus,
720 2390 754 2445 ut
775 2382 824 2442 vet
845 2379 956 2443 audito
970 2377 1083 2440 nomine

74 2510 78 2515 ·
168 2486 236 2565 eius
258 2482 407 2566 pallescat
434 2504 471 2550 ne
501 2490 729 2560 contremiscat,
764 2489 857 2565 inque
883 2488 995 2562 iugum
1022 2500 1082 2547 sese

80 2608 88 2625 *
169 2593 325 2671 conjiciat,
357 2596 388 2656 et
414 2594 552 2659 inuectus
572 2601 698 2665 struere
725 2602 841 2666 cesset,
879 2592 957 2669 quia
985 2591 1040 2653 seit
1058 2590 1080 2650 in

168 2700 363 2790 conscientie
378 2715 435 2763 sun
457 2716 492 2763 se
509 2698 678 2775 judicatum
699 2716 771 2762 esse
793 2705 824 2762 et
844 2698 1034 2761 demnatum.

237 2805 307 2889 ..Sie
328 2805 457 2867 mirabili
476 2804 604 2868 consiliu
625 2813 656 2867 et
668 2794 760 2887 modu
781 2807 881 2867 intans
899 2803 955 2867 hie
976 2804 1083 2883 peperit

173 2910 334 2999 pistorium
362 2910 451 2994 hane,
471 2910 657 2988 gloriosum,
689 2927 819 3007 eamque
853 2911 948 2973 nobis
976 2911 1084 2989 peperit

171 3032 214 3078 ne·
239 3017 330 3085 uertit.
388 3016 420 3078 si
445 3017 552 3096 itaque
588 3015 688 3079 eredis
725 3018 756 3078 in
783 3015 955 3089 Christum,
994 3014 1082 3077 habes

171 3122 315 3185 virtutem
337 3122 405 3200 eius
423 3101 534 3200 >et‘per
553 3124 635 3185 illum
652 3122 756 3185 vinces
768 3130 942 3199 peceatum,
965 3129 1083 3183 mortem

170 3235 201 3289 et
232 3228 399 3292 diabolum.
449 3227 485 3290 Et
518 3227 597 3290 haee
634 3227 761 3291 victorie
795 3228 934 3290 nondum
969 3227 1083 3303 quiden

167 3334 324 3410 ‚compieta
345 3340 375 3394 et
396 3334 539 3395 absoluta
565 3341 613 3397 est
641 3336 671 3395 in
700 3333 750 3396 his
771 3334 875 3405 terris,
910 3333 967 3395 sed
993 3341 1084 3394 tumen

170 3437 289 3500 stieiter
309 3446 357 3517 est
378 3447 505 3522 enepta,
537 3447 568 3500 et
589 3447 663 3517 post
693 3438 774 3501 hane
794 3440 888 3500 vitem
904 3418 1084 3500 ,ietieissine

169 3543 351 3621 perficietur.
395 3545 446 3606 Sic
484 3545 575 3620 igitur
607 3547 678 3623 pius
706 3546 839 3624 quisque
874 3545 907 3606 in
939 3542 1083 3606 Christum

165 3647 297 3712 eredens
319 3658 367 3734 est
389 3652 481 3727 longe
493 3652 740 3745 potentissimus
751 3651 781 3713 in
794 3650 923 3715 Christo
941 3629 1084 3721 dominns

65 3785 67 3790 ·
164 3752 289 3823 habens
310 3756 453 3829 virtutem
475 3772 569 3836 super
592 3765 776 3838 potestatem
797 3756 925 3828 diaboti.
959 3755 1035 3823 Luc.
1054 3752 1085 3820 rt

786 4021 813 4085 Ὗ,
