2258 4170
425 135 428 138 .
492 138 496 149 Ι
641 122 674 127 ·’
791 116 828 152 N‘
884 140 887 147 ¹
990 130 996 142 .

573 171 579 182 ,
1060 158 1073 177 ,ι

356 186 365 203 ·
453 168 642 231 ··.-ttrrne..
989 166 1072 239 ’ὃν

477 278 480 287 Ι
821 276 835 300 Ι’
903 272 906 279 μ

63 354 66 359 ·
116 346 160 408 sia
173 345 340 426 desperet·
332 363 364 409 ιιι
376 351 530 429 praesenti
536 332 727 449 adssvone,
749 346 806 413 sed
824 357 928 429 speret
941 351 1038 421 beon

81 454 84 459 '
120 453 254 517 daturum
276 470 475 528 numerosam
499 455 716 549 posteritatem,
736 456 858 519 etiamsi
879 457 1037 521 diversum

122 562 245 622 minetur
265 561 372 622 mundi
402 570 433 623 et
452 564 608 624 somnae
600 579 655 624 rra
697 561 773 625 Nam
796 561 924 640 spiritus
943 580 1036 631 sanc

124 670 169 729 tns
197 683 256 728 nou
289 666 419 729 discedit
449 683 467 727 a
496 666 608 741 verbo,
644 669 700 731 sed
733 684 788 747 per
824 669 950 735 verbum
983 674 1051 749 εει,

127 773 236 835 efficax,

422 981 731 1066 [Germinabunr.

196 1112 330 1189 Respicit
351 1112 391 1173 ad
416 1113 547 1190 primum
566 1109 742 1196 peninum),
764 1115 960 1192 eriteopioso
979 1116 1034 1176 be·

127 1220 243 1289 nediotio
266 1219 416 1280 ecciesiae
432 1220 522 1293 'sicut
542 1218 638 1281 herba
660 1219 690 1280 in
713 1221 818 1314 pratis,
839 1220 952 1282 salices
977 1222 1034 1282 mi·
1071 1246 1096 1257 ··

61 1388 65 1396 ,
118 1343 169 1391 rae
188 1324 401 1388 foecunditatis
424 1332 510 1396 suot,
532 1324 686 1401 significat
706 1324 797 1402 igitur
818 1340 872 1403 per
892 1324 949 1388 ea's
971 1327 1032 1388 vim

61 1492 63 1497 ,
123 1429 345 1503 benedictionis,
385 1431 470 1509 quod
503 1432 631 1495 verbum
665 1432 897 1551 prosperabitur
926 1440 1031 1501 contra

119 1552 232 1600 emnem
254 1535 314 1597 vim
336 1535 493 1597 mnudi·

268 1743 364 1830 [iste
386 1747 499 1820 dicit,
521 1747 673 1808 Domini
696 1762 770 1824 ego
792 1756 886 1810 sum,

193 1879 270 1938 Sunt
294 1876 489 1938 distributive
517 1876 705 1953 accipienda.
748 1875 909 1939 christiani
942 1886 1031 1940 eruut

113 2000 164 2062 per
185 1990 280 2046 totum
302 1982 409 2043 orbem
432 1981 572 2060 dispersi,
595 1983 685 2060 quasi
700 1983 797 2044 dicat:
824 1983 881 2047 Hic
909 1993 940 2047 et
961 1985 1030 2048 istic

113 2099 142 2152 et
160 2089 275 2168 ubique
296 2093 384 2149 eruut
407 2080 579 2149 christiani.

251 2300 320 2362 Hic
342 2294 556 2361 vocabitur
577 2299 731 2360 nomine
752 2298 887 2362 iacob.

192 2429 249 2493 Est
279 2429 472 2502 clarissimus
502 2429 589 2490 iocus
619 2408 658 2488 de
688 2428 849 2490 vocatione
882 2430 1025 2507 gentium,

62 2550 68 2559 ·
110 2538 187 2616 quod
210 2537 273 2599 sint
294 2535 476 2614 aequandae
497 2534 623 2595 Judacis
645 2540 675 2595 et
696 2533 765 2595 titiis
787 2516 946 2605 Abrahae,
972 2553 1026 2597 eo·

61 2704 63 2715 ,
107 2660 234 2722 rumque
263 2640 386 2728 nomine
418 2638 629 2719 appetendae.
679 2639 807 2717 Oportet
837 2640 916 2703 enim
940 2644 1025 2703 intet-

61 2724 66 2809 ff‘
105 2750 155 2827 ligi
175 2751 278 2812 locum
300 2747 344 2809 dd
361 2745 434 2818 ibis,
458 2746 511 2823 qui
532 2752 602 2807 ante
624 2761 682 2807 non
706 2747 897 2808 vocabantur
919 2746 1025 2820 Jacob,

104 2861 255 2918 neo-suut
276 2849 359 2930 ex1)
385 2867 476 2914 came
497 2851 593 2914 Jacob
616 2852 691 2919 uati,
720 2852 776 2912 sed
808 2828 1024 2929 ex'gentibus.
1089 2936 1094 2943 ¹

61 2989 63 3001 =
103 2962 181 3023 Sunt
202 2967 305 3022 autem
334 2955 512 3034 hujusmodi
544 2954 610 3018 loci·
633 2956 792 3033 diligenter
828 2959 1023 3032 observandi,

102 3069 132 3128 in
162 3065 280 3144 quibus
306 3063 489 3141 promittitur
511 3044 668 3123 translatio
696 3061 841 3135 nominis,
872 3066 1021 3141 gentitita-
1064 3133 1075 3153 t

100 3174 139 3234 tis
160 3178 192 3233 et
214 3150 408 3241 hereditatis,
429 3168 512 3247 qnod
534 3169 595 3229 sint
615 3168 722 3239 iacob,
743 3183 803 3230 uon
829 3171 928 3233 sotum
951 3172 1020 3251 qui·
1060 3213 1097 3247 ,,

100 3279 159 3340 bus
191 3278 272 3338 tacta
306 3282 355 3355 est
387 3274 567 3350 promissio,
600 3275 656 3336 sed
689 3274 779 3335 etiam
809 3284 925 3353 gentes,
969 3276 1021 3337 Sic

101 3363 350 3445 etiam'PsatBi:
376 3380 419 3439 De
443 3379 516 3440 Zion
536 3380 616 3442 dicet
636 3381 739 3454 boma,
761 3387 791 3440 et
811 3379 904 3441 bomo
926 3389 1016 3442 natus
1104 3384 1106 3389 '

100 3498 146 3551 est
161 3482 200 3549 'in
221 3504 270 3548 ea.
295 3487 373 3546 Dicit
393 3485 471 3546 enim
494 3500 531 3546 eo
553 3486 583 3546 in
605 3488 674 3547 tneo
695 3484 734 3546 de
756 3485 905 3562 gentibus,
926 3486 1019 3564 Tyro,

98 3643 313 3661 ...ι-.-

163 3725 204 3790 ·1)
222 3723 252 3776 Iu
274 3721 337 3775 edit.
355 3721 424 3778 3521
445 3731 497 3775 est:
517 3722 550 3777 de
569 3737 648 3777 earne
669 3751 705 3762 -
725 3721 758 3807 de
776 3720 930 3805 gentibue,
1037 3715 1042 3722 ’
