2258 4170
81 184 84 189 ,
109 124 174 194 328
427 125 571 188 Enemtie
592 125 706 187 uberior
775 190 778 195 ,

110 314 253 409 testatur,
282 322 394 371 omnes
414 312 721 385 peccaveruntne..
758 305 846 379 item,
872 302 1002 375 &nent
1054 262 1059 307 ¹

109 415 194 478 Dens
215 429 323 477 omnes
338 414 398 476 sub
409 420 569 493 peceatum
583 420 650 484 ete„
671 417 703 475 et
713 409 775 475 hoe
788 411 856 474 loeo
869 412 1004 493 propinata,

109 519 326 583 Habitantibns
347 520 378 580 in
400 527 480 581 terra
502 518 628 580 umbrae
649 516 757 581 mortis
779 524 836 580 ete.
902 546 920 555 ν

131 664 136 671 -
191 621 390 700 Quane-haee
411 627 474 685 vita
495 630 545 686 est
564 624 628 684 vita
654 621 685 683 in
707 629 789 685 terna
816 618 1006 705 habitantium,

102 728 343 818 'ambulantium
363 728 595 806 gubernantium
603 774 615 810 ,,
643 743 775 807 quorum
797 727 1006 815 muttiqnidem
1057 791 1059 799 Α

105 833 294 910 justitiaene
315 835 487 912 sapientiae
513 835 737 896 nominasent
768 832 936 917 serapioni,
958 843 1004 904 sed

110 955 218 1002 omnes
238 949 341 1003 tannen
368 939 410 1001 itti
439 945 511 1002 sunt
539 939 570 1001 in
604 939 738 1022 tenebris
772 945 825 1000 eut
856 939 887 999 in
916 942 1001 1011 umbra
1052 1002 1059 1020 J

108 1047 230 1118 mortis,
262 1045 346 1125 quod
376 1045 459 1109 idem
488 1053 546 1107 est.
588 1045 745 1107 Tenebras
773 1043 854 1107 enim
877 1045 999 1122 scriptun

109 1159 201 1215 voest
212 1151 350 1214 umbram
361 1151 479 1223 mortis,
499 1150 568 1213 sive
580 1166 635 1230 per
649 1147 857 1229 periphrasin,
877 1149 938 1212 sive
954 1169 998 1219 enn
1052 1172 1059 1226 ,ι

27 1331 33 1348 ·
109 1257 235 1335 phasin,
257 1257 327 1319 sive
348 1256 538 1333 tapinosin.¹
1055 1318 1059 1329 ,

191 1362 306 1424 Umbra
333 1369 437 1424 entem
464 1376 519 1439 per
538 1376 575 1423 se
596 1375 657 1423 non
683 1359 771 1423 triste
798 1376 858 1423 nee
884 1360 995 1428 odiesnn
1057 1395 1059 1405 -

109 1474 158 1529 est
179 1466 380 1540 vocabulum,
407 1467 438 1529 in
459 1474 578 1529 aestate
597 1466 677 1528 enim
698 1465 772 1529 nihii
793 1465 908 1544 grathe
927 1476 954 1529 et
965 1467 995 1545 jn-

110 1572 250 1644 nunnitus,
271 1580 364 1650 qnam
386 1571 691 1662 umbranbnmnbrari.
720 1569 802 1633 Nihil
823 1572 924 1650 itaque
942 1577 997 1648 nni,

108 1679 192 1750 (inni,
225 1677 407 1757 inauspicati
436 1686 466 1740 et
498 1675 641 1739 horrendi
674 1676 704 1739 in
737 1692 775 1739 se
808 1675 998 1743 haberetne
1056 1676 1059 1685 '

110 1785 180 1861 ipsa
197 1784 323 1855 ambre,
345 1784 373 1846 si
394 1784 462 1846 sola
482 1782 534 1845 hie
555 1781 658 1864 posita
678 1789 779 1855 esset,
815 1781 873 1845 sed
900 1782 996 1849 addttns

107 1895 157 1951 est
177 1889 331 1966 genitivus
360 1889 485 1951 atterius
513 1886 673 1965 eujnsdam
701 1887 790 1951 vonis
819 1887 909 1953 valde
927 1890 1002 1953 tristis

41 2062 52 2083 x
108 1994 315 2067 et'terribitis,
349 1993 490 2055 videlieet
518 1994 634 2057 mortis.
653 1993 733 2055 *Hie
754 1994 907 2072 genitivus
927 1996 1017 2057 autent

53 2086 59 2096 ¹
107 2099 176 2162 voci
197 2100 338 2172 umbrae,
368 2099 517 2177 quidquid
544 2098 639 2162 habet
665 2101 743 2178 grati
775 2107 809 2162 et·
828 2099 962 2172 amoeni„
978 2107 1026 2161 eh

105 2221 214 2267 veeetn
236 2221 291 2282 per
311 2221 347 2267 se
364 2203 531 2280 ineundam
553 2212 583 2267 et
598 2213 715 2280 gratam
735 2206 808 2269 iacit
829 2205 1059 2278 teterrimam,

105 2309 345 2372 tunnsttsstmam
382 2318 413 2373 at
442 2309 720 2373 horrendissimam.
763 2311 865 2374 Primo
897 2312 1059 2390 quiden:

105 2422 198 2491 gustu
221 2415 339 2477 videtur
372 2415 480 2477 suavis
517 2422 547 2475 et
575 2414 708 2478 salubris
737 2417 838 2494 patio,
872 2417 926 2478 sed
955 2433 1059 2479 vox

106 2521 213 2584 martis
243 2520 345 2600 addita
377 2520 519 2598 philtnum
553 2535 625 2582 esse
656 2529 686 2582 et
713 2523 870 2600 potionem
902 2537 1057 2585 veneno

105 2626 246 2691 intentam
267 2625 386 2687 indicat
429 2624 484 2687 Est
513 2626 602 2702 panis
634 2643 691 2689 seu
711 2628 876 2690 earunenla
898 2628 1050 2704 inene-

107 2730 185 2791 niem
208 2730 333 2808 pulchra
356 2739 386 2793 et
407 2732 554 2809 appetitui
577 2738 677 2810 grata,
702 2733 758 2795 sed
779 2749 858 2796 eave
890 2749 927 2794 ne
946 2749 1036 2810 spe·

107 2837 172 2901 cies
194 2843 225 2897 te
245 2837 344 2912 prima
365 2837 504 2912 seducat,
525 2837 599 2916 quia
620 2854 770 2901 venenum
793 2840 912 2902 subest.

133 2990 137 2999 ,
186 2942 320 3005 Umbrae
333 2942 430 3018 igitur
451 2959 513 3005 vnx
534 2944 563 3005 in
588 2944 746 3020 seripturis
770 2960 867 3024 saepe
888 2945 918 3005 in
941 2944 1016 3022 npti-

104 3060 183 3111 mam
206 3056 401 3125 pertempto
422 3049 591 3125 refrigerio,
613 3049 799 3122 detensione‚
824 3051 1011 3114 tutelausur·

104 3158 207 3229 pater,
235 3161 265 3214 et
286 3153 463 3229 gratissima
484 3169 522 3215 ae
543 3154 830 3232 pulcherrima‘vox
858 3163 916 3228 est
956 3156 1007 3218 Sed
1032 3161 1037 3171 “

105 3259 288 3321 vnnnbntum
312 3260 417 3321 montis
446 3257 582 3321 additum
609 3261 719 3323 bellam
751 3260 833 3323 iliam
855 3261 1004 3331 unnbetian

104 3363 225 3425 minime
247 3365 366 3435 bellam,
388 3365 444 3426 sed
463 3373 569 3426 tetram
592 3373 622 3426 et
635 3365 819 3429 horrendam
840 3367 922 3437 tecit,
944 3367 1004 3444 qnia

103 3484 165 3529 vox
188 3471 293 3531 mortis
316 3477 363 3531 est
383 3475 469 3542 tetra,
491 3471 601 3533 odiosa
621 3478 652 3532 et
672 3470 826 3535 horrenda
847 3488 907 3534 res.

49 3638 52 3643 ,
184 3572 217 3634 Si
238 3589 311 3650 ango
338 3573 464 3638 definire
491 3575 579 3637 voles
606 3577 757 3639 tenebras.
770 3577 920 3656 tapinosi,
946 3574 1008 3639 nihil

100 3686 150 3743 est
170 3680 229 3742 nisi
248 3681 364 3745 'umbra
386 3680 517 3753 mortis‚.
544 3680 618 3759 quia
651 3697 735 3747 mors
753 3682 837 3750 nihii
865 3683 1007 3765 estatinn
