2258 4170
400 280 402 282 Ι
506 191 618 255 nato

296 374 489 437 desertos
509 373 656 456 inciam
677 378 864 434 montan-
944 405 956 423 -.

188 503 272 565 Sunt
292 503 470 594 ausgorica.¹
497 501 625 565 ‘Montes
647 509 718 583 sunt
738 497 854 570 omnes,
876 499 928 577 qui
950 498 1026 560 omi·

100 617 185 672 nont·
201 608 233 671 in
254 608 369 673 mundo
386 607 503 685 justitia
525 616 556 670 et
577 607 736 686 sapientia,
758 607 907 685 imprimis
925 613 1026 667 autem

103 714 264 792 significat
278 715 461 777 incredulam
479 731 679 793 synagogam,
697 712 857 777 linientem
872 712 1026 790 religione,

103 822 271 900 sapientia,
284 821 541 899 promissionibus
552 819 738 898 atcxampiis
750 827 879 898 patrum.
894 818 1025 888 Gramen
1113 860 1116 867 ·

109 935 216 1005 potest
228 914 332 1006 accipi*
343 944 398 1004 pro
410 927 580 1006 discipulis,
592 925 719 1015 arborco
734 942 789 1004 pro
796 924 967 1005 prophetis,
979 925 1026 985 vei

110 1035 304 1099 commodius
318 1023 452 1096 tortasse
462 1040 518 1124 cst,
532 1034 558 1096 si
570 1008 847 1112 accipias'grameri
861 1047 916 1109 pro
930 1030 1028 1093 verbo
1106 1022 1109 1037 ¹

110 1140 348 1218 Deictsimptici
361 1119 520 1217 scriptura,
536 1137 1025 1216 quamhodietudacietpapotns

112 1249 288 1310 amiserunt.
339 1246 455 1334 Stagna
485 1252 558 1307 sunt
590 1237 725 1323 populus
759 1242 921 1307 abundans
953 1258 1027 1305 snc-

111 1371 213 1417 cessu
256 1346 405 1414 Videmus'
427 1349 507 1412 haec
535 1347 637 1412 adhuc
656 1347 779 1413 hodia
771 1367 801 1413 m
823 1350 965 1424 Judaois,
996 1357 1026 1412 ot

110 1459 252 1523 omnibus
273 1458 342 1519 aliis
363 1457 505 1520 hostibus
516 1454 636 1520 Christi
677 1455 734 1518 Ubi
748 1455 841 1519 hodia
862 1464 909 1518 ost
925 1455 1026 1526 Arius
1083 1484 1085 1489 ⁴

109 1566 159 1627 ubi
181 1561 464 1636 manichaeismi
487 1563 536 1624 alii
559 1561 725 1624 haeretici?
752 1563 833 1625 idam
857 1570 957 1624 aulem
975 1560 1028 1623 flet

107 1671 146 1731 do
167 1671 216 1744 iis,
239 1671 292 1750 qui
305 1669 398 1733 hodic
415 1669 542 1732 verbum
563 1676 592 1732 et
611 1654 804 1732 sacramanta
824 1667 934 1732 christi
957 1683 1028 1746 pro·

108 1778 221 1845 lauant.

131 1871 132 1874 ’
238 1872 245 1901 l

104 1964 150 2026 Et
170 1964 523 2028 aducomcacoos
516 1964 676 2035 inviam,
700 1981 814 2042 quarn
832 1963 1027 2028 nesciunt.

180 2091 312 2156 Gaccos
333 2098 425 2155 vocat
450 2091 519 2169 pios
541 2092 716 2164 credontes,
749 2091 804 2171 qui
831 2094 943 2157 nullum
970 2110 1028 2155 ncc

89 2197 257 2259 'auxilium
279 2190 381 2276 neque
402 2198 597 2261 consilium
590 2216 619 2259 ro
640 2197 776 2274 caligine
804 2206 834 2260 ct
863 2177 1026 2261 afflictione
1061 2188 1065 2193 ’

107 2303 833 2386 videntquibusnutlusmalorumfiaisapparet.
849 2299 1023 2381 Verbum*)
1083 2288 1100 2307 ’

88 2408 202 2485 ‚igitur
221 2408 468 2486 apprehendunt,
501 2409 572 2471 iltud
605 2410 634 2470 in
663 2409 795 2472 tenebris
817 2410 912 2477 lucet.
944 2409 1028 2470 ducit

110 2531 168 2576 eos
191 2514 221 2574 in
243 2515 310 2593 via,
331 2531 422 2593 quarn
444 2517 598 2587 nesciunt,
619 2513 680 2576 hoc
702 2515 810 2586 estio
831 2515 892 2577 lida
912 2518 1027 2578 lutura·
1046 2598 1050 2603 ι
1071 2568 1073 2573 ,

111 2626 178 2680 rum
203 2635 240 2680 ac
261 2636 325 2682 non·
350 2622 561 2698 apparentium
591 2638 706 2693 rernm,
740 2627 772 2687 ct
798 2622 974 2684 consolatur
996 2629 1027 2684 et
1081 2682 1085 2695 ,
1118 2676 1122 2681 .

110 2725 211 2802 erigit‘
227 2724 363 2788 infirmas
395 2733 528 2798 mentes,
564 2743 603 2788 nc
637 2728 807 2805 desperant.
849 2725 904 2788 Est
925 2733 1027 2789 autom

109 2829 160 2892 hic
181 2831 310 2908 insignis
331 2833 432 2915 locps,
461 2832 514 2910 qui
545 2832 709 2895 maximam
731 2831 900 2895 doctrinam
930 2833 1027 2895 conti·

109 2944 174 3010 nst,
206 2938 294 3016 quod
323 2937 354 2998 in
387 2937 529 3000 omnibus
563 2938 722 3017 periculis,
744 2938 774 3000 in
808 2938 952 3000 omnibus
974 2955 1026 3002 ca·
1059 2926 1061 2929 ’

111 3041 307 3131 luminibus,
327 3043 359 3105 in
384 3044 528 3111 omnibus
549 3045 767 3109 tentationibus
790 3044 939 3107 debemus
950 3046 1025 3108 sim·

109 3147 228 3224 pliciter
255 3148 397 3212 claudere
419 3152 540 3224 oculos,
563 3158 593 3213 et
620 3151 709 3228 sequi
731 3151 859 3213 verbum
869 3145 941 3234 θ’).
966 3148 1025 3226 Qui
1052 3192 1056 3197 -

108 3254 187 3314 enim
235 3254 443 3332 inponentis
484 3255 587 3319 videre
614 3236 741 3330 uolunt,
775 3264 805 3319 et
847 3259 1026 3337 circumspi-

110 3362 193 3424 ciunt
216 3362 350 3424 remedia
373 3368 402 3423 et
423 3361 559 3434 consilia,
580 3361 612 3424 hi
634 3363 879 3443 dotorcmfldolori
901 3364 1026 3437 addunt,
1052 3384 1055 3396 ·

103 3473 134 3528 et
153 3466 231 3528 nituit
255 3467 336 3530 aiud
359 3467 488 3549 iaciuntf,
517 3485 610 3548 quam
638 3475 672 3532 ut
692 3486 728 3533 se
755 3471 866 3534 trustra
897 3471 1022 3548 fatigent

104 3603 319 3620 m

177 3680 211 3747 ⁸)
232 3679 348 3733 Varium
376 3678 568 3750 apprehensum
597 3681 669 3737 locat
696 3683 793 3737 cancii.
839 3681 890 3751 2‘)
920 3679 1023 3739 clausit
1061 3712 1065 3720 «

99 3766 190 3827 obuiis
204 3775 370 3861 aequandam
390 3775 500 3864 νςώιιιιι
517 3777 547 3832 in
565 3777 690 3837 omnibns
707 3768 847 3853 minutii·
