2258 4170
495 187 602 263 banaa
887 188 899 205 ‘
958 194 1014 261 tat
1105 201 1110 211 '

176 382 274 447 Stulti
296 362 442 461 paplsirra¹
459 380 520 444 boc
543 383 610 445 loco
624 379 722 445 abusi
742 389 814 443 sunt
834 360 871 442 ad
893 378 1015 442 laudam

99 488 273 563 emutatis„
283 486 342 552 aad
356 496 460 549 castae
478 496 550 549 sunt
566 506 625 549 non
639 490 738 550 solum
751 488 903 573 viduaeet
925 486 1015 563 virgi-

102 610 167 665 nee,
187 594 244 655 sed
261 591 415 675 babantlt
438 609 526 653 suam
549 594 719 654 castitatem
741 598 927 672 quoque-‚et
947 607 1016 652 eam
1096 627 1102 662 ·.

107 698 226 775 quidem
261 686 753 775 purissimam,'conjugas*)1t.
795 697 831 758 Et
862 696 945 775 quod
977 696 1016 757 ad

106 802 250 879 iustitiam
270 806 323 863 aut
345 803 482 863 meritum
495 805 618 876 attinet,
639 820 739 881 neque
761 802 908 880 conjuges
927 802 1018 878 virgi·

112 910 197 969 nibus
219 922 319 985 neque
340 907 473 983 virgines
496 906 678 983 conjugibus
700 916 769 969 suut
792 907 1018 984 praeferendae.
1082 892 1085 897 ’

116 1014 184 1073 Sunt
214 1010 291 1072 enim
321 1012 445 1074 ordines
467 1013 548 1074 vitae
569 1012 749 1084 laudabiles,
770 1013 825 1072 sad
847 1000 962 1087 justitia
987 1012 1017 1072 in

69 1179 71 1195 ,
121 1118 179 1179 solo
205 1116 421 1197 Ghiistmrnon
449 1116 479 1176 in
499 1117 662 1191 generibus
685 1118 765 1178 vitae
787 1116 845 1177 sita
866 1125 922 1201 est.
965 1116 1019 1178 Se-
1111 1158 1114 1165 -

124 1224 208 1283 eundo
218 1219 367 1299 propheta
381 1220 431 1281 hic
445 1236 504 1281 non
516 1229 655 1283 versatur
671 1222 700 1283 in
715 1220 808 1294 lauda
830 1222 1017 1297 uirginitatis,

126 1328 169 1389 sed
180 1326 349 1387 consolatur
360 1324 479 1387 steriles
490 1326 657 1398 eunuchos,
671 1342 716 1387 na
727 1326 889 1402 desperent
900 1327 939 1387 da
960 1343 1018 1387 sua

130 1432 276 1503 vocatione,
308 1438 339 1491 ot
366 1430 479 1491 diserte
500 1431 573 1491 dicit
594 1432 632 1491 de
653 1431 802 1515 artarchis
824 1432 1017 1493 servantibus
1114 1484 1120 1491 .

129 1538 268 1605 -nbbatum
295 1535 519 1596 at'ienenlibus
536 1536 646 1597 loedtrs
665 1537 808 1597 divinum.
844 1536 907 1598 Non
929 1537 1019 1613 igitur

69 1628 76 1733 ’1
133 1644 176 1721 agit
184 1642 217 1703 da
228 1640 318 1703 laude
328 1638 519 1701 eunuchatus
527 1648 581 1703 aut
592 1641 780 1718 virginitatis,
803 1640 858 1702 sed
878 1642 1018 1703 dalaude

71 1743 78 1755 '
98 1724 106 1828 ¹,
135 1747 288 1811 amantium
302 1745 453 1807 mandatu
478 1742 635 1807 cornelius
644 1746 673 1805 iu
685 1746 770 1807 Actis
777 1746 821 1822 ”l
835 1753 900 1806 erat
913 1747 1018 1807 nrallor

137 1854 208 1913 uultis
217 1838 350 1921 iudaeis,
374 1850 443 1911 inde
457 1867 516 1911 non
528 1850 666 1925 sequitur
675 1851 770 1912 tuisse
783 1868 852 1912 eum
865 1851 1019 1912 meliorem

102 1946 106 1959 ’
138 1959 183 2019 riis
206 1963 326 2033 propter
346 1955 488 2017 militiam.
534 1954 577 2015 lta
599 1956 638 2015 da
659 1955 828 2017 boeotiam
850 1954 919 2017 loco
937 1955 1018 2031 judi-

75 2114 90 2139 .„
139 2042 236 2124 andum
253 2058 329 2139 ast].
348 2055 422 2122 'Non
446 2059 525 2121 enim
547 2076 644 2137 genus
666 2062 748 2121 vitae
770 2078 827 2122 nos
849 2060 913 2121 [leo
934 2077 1018 2121 com-

70 2205 92 2261 1]
141 2168 246 2240 nablat,
277 2166 408 2245 pertinet
435 2166 513 2227 enim
536 2166 574 2224 ad
597 2165 745 2241 politiam,
773 2173 803 2226 et
825 2172 874 2226 ast
893 2172 1017 2227 externa

86 2268 112 2309 '·
140 2290 184 2343 ras,
207 2272 257 2334 sed
278 2270 456 2359 observatio
473 2268 682 2331 mundatorum
706 2270 769 2333 ilai.
790 2286 793 2293 ·

152 2478 317 2540 tdducarn
339 2477 465 2537 cosin
487 2470 649 2537 montem
673 2480 851 2537 sanctum
873 2491 1001 2537 meum.

197 2604 287 2667 liliam
319 2612 428 2681 gantas
456 2603 602 2681 proselyti
624 2601 735 2663 debant
757 2618 829 2663 assa
852 2603 1016 2681 participes

143 2708 207 2785 hujus
232 2710 385 2787 religionis
407 2702 707 2787 atprontsstonumj,
744 2718 773 2789 at
795 2708 869 2787 quia
889 2709 1016 2770 credunt

69 2868 85 2899 u.
144 2808 362 2888 promissionibus
376 2813 461 2886 meis,
482 2812 550 2875 ideo
564 2812 635 2899 milri
657 2825 743 2891 grata
757 2802 844 2878 erunt¹
865 2812 1015 2891 sacrificia

71 2968 99 3013 r·
144 2932 226 2982 corum

242 3190 245 3195 .
406 3090 546 3165 Domus¹
567 3090 646 3163 mett
666 3110 721 3164 ete.
916 3174 920 3181 Ι

203 3232 276 3293 liaeo
304 3198 464 3317 est'ratio,
478 3228 482 3233 '
498 3196 772 3311 quatecunucho's
793 3236 823 3288 et
844 3230 1016 3321 proselytos

148 3336 238 3409 probel.
257 3336 338 3423 quod
360 3350 419 3397 non
442 3320 658 3435 solts'iude'eip
678 3335 758 3393 latus
780 3331 829 3393 hic
850 3336 947 3396 cultus
964 3337 1016 3398 Dei

91 3516 96 3525 1
149 3438 292 3539 εξῑ11ε1υρ
314 3436 588 3531 ¹¹¹1⁵⁰¹iD⁰i⁸ss¹li
610 3442 757 3517 populus,
788 3439 841 3498 aad
865 3440 946 3517 quod
969 3452 1016 3503 ast
1047 3456 1050 3463 ·

199 3658 348 3735 affl...
364 3660 513 3727 mjugra.
551 3654 758 3725 ”tectura-2

201 3754 224 3822 1)
240 3754 267 3807 11¹
296 3754 338 3809 ed.
366 3752 434 3809 tttz
449 3752 561 3821 lenitur:
589 3750 636 3806 aad
661 3748 798 3803 habeb...
817 3747 1013 3801 mrolnmtmr.
1097 3822 1100 3827 .
