2258 4170
103 130 166 197 ιιι
393 208 405 217 ,.
427 130 576 192 nemra
596 102 722 191 nessei

108 330 191 386 anm,
211 311 280 377 Aet
303 308 347 387 2,
367 318 402 375 ιιι
415 320 503 377 esset
523 322 582 375 rex
603 319 755 374 aeternus
776 316 808 372 et
819 308 1000 394 ininiti'regng
1059 319 1072 368 ι

111 419 253 483 Christos
279 427 420 483 mortuos
447 426 498 481 est
524 426 556 480 et
588 417 780 488 resurrexit,
816 416 938 496 amplius
962 440 1003 489 aa
1063 432 1071 492 ι

111 527 286 588 morituras.
328 524 376 586 Ad
394 517 584 603 qoid'ergo,
611 541 698 604 qnae
725 538 830 585 cansa
849 522 942 589 finatis
959 546 1007 605 pre
1066 538 1071 597 ι

22 692 25 697 .
113 631 179 709 pris
207 628 301 707 hujus
328 628 438 707 regnii
479 629 609 708 Propter
629 629 913 706 transgressionem
932 636 1010 713 popm
1069 644 1071 653 ⁴

115 736 184 806 mei,
204 750 287 817 qaae
308 742 374 797 erat
395 736 489 813 ptsga
507 736 661 814 ipsorum.
697 735 800 798 Sedet
816 736 849 799 io
868 752 957 813 regno
972 754 1012 803 oro

116 857 182 905 non.
198 840 334 911 otiosos,
355 856 414 903 nec
435 848 562 919 propter
581 858 632 914 ee,
661 841 720 904 sed
744 840 788 903 ad
811 840 962 904 dexterm
976 843 1016 907 ιιιί

116 948 270 1008 exaltatus
287 946 431 1023 indicens
453 948 617 1018 mnndum,
646 956 682 1011 et
708 946 825 1011 effodit
847 947 958 1010 donam
973 950 1018 1028 opt

117 1053 193 1112 ritus
211 1053 320 1122 saneti,
341 1051 374 1112 Si
388 1053 503 1125 abiero,
523 1054 628 1133 inquit,
651 1055 786 1126 mittam,
807 1052 837 1115 si
857 1068 920 1115 non
934 1053 1022 1127 abiet,

117 1173 179 1219 noo
208 1158 311 1219 veniet
337 1158 377 1219 ad
404 1175 474 1221 vos.
516 1159 597 1236 Ergo
617 1167 730 1238 raptos
752 1167 787 1221 et
809 1158 939 1221 excisas
961 1168 1025 1223 este

119 1271 215 1332 terra.
248 1270 284 1324 nt
311 1272 471 1327 exerceret
496 1267 558 1327 vim
586 1274 618 1327 et
642 1264 824 1328 efficaciam
852 1262 944 1327 istius
957 1270 1026 1331 'sas
1054 1286 1057 1293 ·

121 1367 288 1446 passionis,
309 1377 344 1431 at
362 1370 482 1433 scilicet
502 1370 645 1433 liberaret
664 1387 741 1444 nos,
775 1386 843 1433 non
861 1360 978 1433 'mntem
993 1387 1027 1434 te

121 1472 256 1535 eandam
277 1475 422 1550 marm,
455 1477 511 1540 sed
540 1486 573 1540 et
600 1475 777 1540 secundm
800 1475 925 1539 donam
944 1475 980 1537 ad
994 1492 1030 1539 re

121 1566 318 1643 oor'ationem
338 1589 476 1656 naturae.
497 1592 531 1646 at
551 1583 670 1657 dieitur,
691 1562 884 1647 Ascendlsti
903 1579 935 1643 in
952 1582 1033 1656 atton,

122 1692 155 1747 et
174 1685 324 1766 accepisti
344 1687 428 1757 dona
448 1705 504 1767 pro
524 1688 716 1753 hominibus.

115 1774 120 1783 ’
208 1792 282 1855 ideo
292 1793 382 1857 sedet
392 1794 432 1856 ad
443 1795 599 1858 dexteram
610 1795 666 1857 Dei
687 1792 810 1856 aeterni
827 1791 941 1871 patris,
959 1791 1037 1857 mirso

126 1898 235 1975 spiritu
257 1908 376 1974 saneto,
396 1916 458 1963 noo
478 1907 594 1963 tantum
606 1892 753 1963 atsanet'
765 1914 828 1961 nos
847 1897 1039 1975 imputatione,

127 2003 241 2069 donate
262 2006 445 2069 remissione
472 2014 668 2085 peccatoram
698 2008 831 2084 propter
852 1999 957 2081 ipsias
975 2017 1040 2064 mor·

128 2118 199 2181 tem,
218 2111 274 2172 sed
295 2120 329 2173 ot
349 2113 441 2175 etiam
461 2111 573 2176 efficax
592 2091 684 2175 sit'i'a
705 2108 817 2182 nobis,
840 2117 874 2171 et
896 2109 1042 2170 transierat
1065 2114 1068 2201 j

130 2232 188 2277 nos
209 2232 226 2275 a
250 2224 379 2292 peccato
401 2217 841 2295 injustitiam‚·senetcorpos
866 2223 899 2276 et
916 2213 1041 2285 animan,

15 2340 22 2363 ι
130 2338 190 2381 non
210 2330 326 2385 tantum
348 2324 480 2386 remisso
501 2332 637 2403 peceato,
659 2322 864 2407 sedprorsns
887 2325 1041 2398 expurgato

132 2434 163 2487 et
184 2428 317 2500 sublato,
340 2438 374 2492 ut
394 2429 461 2508 puri
478 2430 546 2493 sine
558 2431 690 2493 omnium
704 2435 914 2508 peecatorum
935 2439 1043 2502 pavore

133 2542 217 2595 motu
247 2543 278 2597 et
305 2535 414 2600 ardore
435 2536 500 2599 Deo
527 2534 700 2601 serviamus
729 2536 760 2597 in
783 2532 872 2596 omni
895 2532 1043 2610 pietatect

134 2640 294 2703 sanctitate
315 2639 411 2715 vitae,
433 2645 553 2722 positus
574 2651 622 2706 cst
643 2643 672 2704 in
695 2628 787 2703 eliam
809 2639 926 2710 vitam,
948 2643 980 2699 ut
997 2653 1043 2703 nos

134 2754 257 2807 sanaret
279 2763 298 2807 a
318 2748 455 2824 peccatis
476 2757 507 2810 et
528 2747 775 2825 transgressione
795 2746 868 2820 itJe;
891 2756 975 2822 qnee
993 2748 1043 2803 erat

136 2852 226 2928 plaga
248 2860 364 2915 nostra.

222 2956 371 3021 Diabolus
399 2958 583 3037 depravavit
603 2967 698 3021 totam
714 2964 862 3020 naturam
885 2962 918 3015 et
938 2967 1046 3013 earnem

137 3068 272 3125 nostram
305 3080 417 3142 magno
436 3071 483 3126 et
514 3062 678 3127 invincibili
692 3078 837 3145 renero,
876 3057 994 3120 vitiavit
1024 3064 1049 3116 et

137 3167 268 3244 perdidit
290 3171 477 3247 gravissima
499 3172 607 3249 plaga,
639 3169 754 3230 scilicet
782 3166 821 3226 ad
844 3167 1051 3241 peccatone

138 3280 265 3335 mortem
299 3285 464 3342 aeternam.
508 3275 595 3338 Hanc
624 3287 698 3350 ergo
735 3280 767 3333 ιιι
805 3270 951 3334 destruat
979 3267 1052 3328 Deos

139 3377 254 3441 eiflcaei
278 3383 444 3454 medicina,
473 3381 556 3442 misit
584 3380 645 3442 hoc
672 3379 803 3454 donum,
832 3374 922 3455 qnod
945 3371 1054 3442 videtis,

140 3497 264 3566 propter
285 3486 365 3550 hanc
387 3485 679 3564 transgressionem,
715 3499 795 3563 quae
822 3489 874 3544 est
898 3481 991 3561 plaga
1008 3494 1055 3556 po·

139 3593 202 3671 puli
224 3594 292 3663 mei.
314 3596 394 3657 sicut
416 3601 446 3656 et
466 3591 635 3656 Johannes-
648 3590 759 3670 inquit,
780 3588 813 3650 ln
836 3587 902 3651 hoc
924 3583 1057 3665 apparuit

138 3698 220 3761 filius
243 3700 305 3770 Dei,
328 3707 360 3761 ut
380 3700 534 3765 dissolvat
555 3714 651 3777 opera
672 3695 797 3767 diaboli,
818 3692 850 3757 id
874 3700 934 3766 est,
955 3705 1057 3772 pecea-
