2258 4170
168 162 231 231 446
310 166 327 217 ἵ
391 248 395 255 ,
485 156 766 264 dometio-uberior

173 346 235 407 vita
251 345 416 418 doctrinas,
436 347 719 429 legessnpientes,
740 346 853 408 doctos
877 345 971 419 viros,
992 348 1081 425 legun

109 504 112 515 ,
159 446 295 522 datores
318 449 522 529 philosophos
538 459 602 514 etc:
629 438 715 514 llan'c
735 451 911 515 doctrinam
932 469 992 514 uon
1008 471 1082 532 opus

171 555 417 620 estuldbristus
431 557 558 621 adierat.
592 544 646 623 Est
662 557 877 637 aliusdoctor
898 565 928 619 et
950 561 1081 635 incasto

120 696 123 701 ·
171 663 321 734 christus,
343 663 452 726 doctor
467 670 497 724 et
518 670 707 741 praeceptor,
730 672 763 726 ut
783 663 941 742 propheta
962 665 1030 726 Jocl
1047 667 1081 728 in·
1104 740 1106 747 Ι

124 772 128 781 “
172 771 239 846 quit
265 785 335 846 cap.
354 765 399 830 '22
441 768 530 831 Dedit
556 776 587 861 te
615 770 773 831 doctorem
801 778 832 830 et
863 778 1081 852 praeceptorem

169 877 200 937 in
222 875 379 952 gentibue,
408 875 522 964 idest,
555 875 611 943 erit
632 874 739 937 doctor
754 875 911 953 iustitiae,
934 877 1042 937 solutis
1059 887 1081 940 et

102 1032 105 1047 .
172 981 253 1043 ultae
277 987 420 1041 aeternae
441 987 545 1041 contra
561 987 736 1057 peccatum,
758 990 906 1054 mortem,
928 982 1093 1055 diabolum,r

168 1085 325 1157 iulcrnum.
648 1143 656 1156 ,
725 1108 728 1113 ’
797 1141 807 1149 ,

202 1204 206 1211 ·
252 1191 357 1251 Habes
391 1187 523 1251 breviter
557 1188 690 1253 cilicium
726 1198 891 1269 personae.
955 1191 1080 1266 Messias,

170 1295 262 1359 iilius
283 1280 361 1368 ner,
379 1294 538 1357 brachium
560 1288 692 1367 Domini,
719 1277 924 1365 erit-doctor,
959 1297 1080 1360 minister

71 1470 73 1475 s
172 1403 225 1465 Dei
248 1402 282 1463 ln*
300 1402 456 1472 docendo,
485 1400 553 1477 Qui
576 1401 781 1480 intelligit,
803 1402 1019 1472 substantive,
1037 1404 1080 1465 ab·

115 1586 121 1603 ·
171 1486 279 1580 solute,
300 1508 320 1571 i.
334 1524 369 1580 e,
391 1508 457 1584 agit
476 1507 587 1586 omnip,
609 1514 640 1570 ut
660 1506 736 1569 fiant
756 1505 903 1571 homines
926 1507 1079 1588 intelligere

172 1621 228 1685 tes,
249 1613 414 1694 sapientes,
436 1620 470 1675 ut
484 1613 562 1675 Psal.
584 1609 620 1674 2:
653 1611 690 1673 Et
710 1618 790 1675 nunc
809 1629 905 1690 reges
928 1612 1078 1701 intelligite

171 1719 310 1796 Regnum
343 1719 446 1805 igitur,
462 1717 572 1781 christi
603 1717 745 1781 consistit
775 1719 805 1800 in
834 1714 1033 1794 intelligendo
1049 1710 1078 1781 ‘el

171 1806 346 1901 erudiendo.
390 1824 578 1903 Quicunque·
594 1826 684 1902 igitur
710 1830 783 1886 stant
804 1823 985 1900 sapientes,
1000 1825 1078 1887 docti

171 1939 202 1995 ct
212 1932 337 2009 gloriosi
358 1931 394 1991 in'
409 1931 531 2004 mundo,
553 1930 666 2009 debent
687 1934 757 1993 euin
779 1929 897 2005 audire,
919 1931 949 1992 ei
971 1930 1100 2017 credere·¹

55 2060 57 2070 ¹
154 2046 200 2101 at
215 2038 340 2100 cedem:

217 2191 219 2195 «
256 2143 349 2207 Porro
376 2148 477 2204 autem
500 2139 639 2205 Christus
666 2141 721 2203 luit
748 2133 901 2231 etiarir'in
924 2107 1079 2219 personali·

171 2252 231 2312 bus
268 2265 325 2317 sau
359 2248 489 2326 politicis
518 2247 822 2321 intelligentissimus.
874 2247 992 2308 Verum
1023 2264 1078 2325 pro-

63 2406 66 2412 .
171 2355 266 2434 plrcta
283 2346 437 2432 'loquitur‘
462 2354 501 2414 de
532 2353 726 2431 intelligentia
764 2352 937 2416 ministerii.
986 2351 1078 2414 Omnia

171 2462 278 2540 igitur,
301 2478 381 2538 quae
402 2462 472 2523 lacit
494 2458 650 2533 Christus,
671 2458 734 2521 huc
754 2458 925 2536 pertinent,
945 2463 981 2519 ut
1002 2474 1078 2535 agno-

172 2575 277 2630 scalur
298 2566 467 2642 intelligens
489 2581 580 2649 esse,
601 2560 710 2627 et'nos
732 2561 906 2626 efficiamur
927 2563 1080 2639 intelligen-

171 2681 220 2737 tes
250 2673 289 2734 ab
312 2689 365 2745 eo,
397 2679 431 2733 ut
451 2671 522 2732 alibi
543 2671 573 2731 in
594 2670 712 2740 Esaia„
729 2669 821 2731 Dabo·
836 2669 921 2731 filios
943 2671 1081 2745 doctosa

174 2778 317 2848 Domino,
339 2784 370 2840 et
390 2776 460 2840 lolu
480 2775 528 2840 52-
559 2775 651 2839 Erunt
673 2789 779 2836 omnes
800 2774 884 2837 docti
908 2792 927 2837 a
950 2777 1082 2851 Domina

173 2883 246 2946 item
270 2872 341 2944 albi
359 2883 391 2943 iu
413 2874 520 2954 Esaia,
541 2882 630 2943 Dedit
651 2879 724 2941 milri
745 2880 880 2957 linguam
903 2882 1061 2945 eruditam.

255 2989 320 3050 Hoc
348 2988 412 3049 vult
440 2987 606 3065 propheta,
641 3003 709 3048 cunr
737 2984 835 3056 dicit,'
856 2986 982 3049 Servus
1012 3004 1084 3049 meus

173 3095 318 3171 intelliget
338 3110 395 3155 seu
416 3093 580 3170 prudenter
601 3098 679 3169 aget,
699 3092 791 3170 quasi
808 3093 989 3163 dicatnon
1011 3110 1085 3170 spor·

173 3208 225 3278 get
240 3217 346 3287 aurum
362 3201 408 3261 vel
427 3196 582 3277 argentum
606 3199 635 3258 io
660 3200 813 3280 populum,
836 3199 895 3260 sed
916 3198 1087 3271 doctrinan,

145 3288 147 3291 ¹
173 3307 245 3386 quia
263 3315 312 3369 est
326 3295 432 3367 doctor
450 3304 677 3385 gentium-qui
689 3303 779 3366 ‘hunc
799 3321 906 3381 regern
930 3320 996 3367 non
1017 3321 1090 3367 recc-

173 3391 264 3490 penit,
306 3419 358 3474 aut
391 3412 481 3473 alium
522 3412 712 3487 corporalem
746 3426 849 3489 regem
878 3417 910 3473 et
939 3410 1088 3473 doctorem

174 3516 354 3598 quaesierit,
390 3516 443 3577 fict
476 3516 504 3575 ei
536 3523 569 3576 ut
589 3515 729 3588 ludaeis,
767 3515 818 3593 qui
846 3515 935 3578 hunc
964 3522 1091 3599 conten·

158 3619 239 3687 'mm
271 3622 442 3685 ministrnm
462 3619 647 3697 abjecerunt.
687 3621 761 3685 Ideo
786 3619 863 3685 nihil
888 3621 960 3699 iam
987 3621 1093 3685 haben

175 3730 386 3808 intelligentiae
414 3729 453 3791 de
490 3727 549 3790 isto
578 3744 685 3802 servo,
713 3729 795 3806 ‘quia
828 3729 1017 3795 conclusum
1046 3740 1095 3806 cet
1123 3740 1125 3781 t
