2258 4170
421 180 488 258 cap.
510 174 540 244 9.
561 176 670 261 lissiae
938 171 1001 241 329

119 376 190 447 qnam
207 359 357 422 tenebrae.
398 358 450 422 Sic
468 359 563 432 Hiob,
594 359 638 445 ln
656 357 790 422 tenebris
819 359 915 421 stravi
941 364 1009 421 lec-¹

118 471 190 536 tulum
208 481 317 528 meum.
360 464 393 528 st
413 467 466 527 lux
487 464 562 527 solis
590 454 855 527 obtenebrescent
876 471 928 527 aut
950 464 1006 526 de·

117 578 210 642 aberet
232 571 259 633 si
282 587 341 633 non
353 572 467 633 luceret
487 571 601 633 maudo
622 571 679 643 sol,
701 568 726 632 si
740 570 901 633 vivendum
918 576 1003 635 asset

116 683 167 746 aine
183 677 254 749 sole,
274 677 424 738 tumultu
446 682 551 738 nostra
571 692 632 738 nun
646 677 709 738 vita
729 683 822 749 esset,
843 669 899 739 seri
912 676 1002 754 ipsios

114 788 175 850 aina
192 797 274 844 mors
296 789 326 843 et
345 783 456 843 umbra
476 783 592 844 mortis.
739 795 749 811 ·
1033 784 1036 788 '

124 935 131 947 .
178 886 225 948 Sic
247 888 391 949 tenebrae
412 896 560 950 vocentur
580 888 689 949 umbra
709 884 824 958 mortis,
844 887 916 964 quia
938 901 1004 948 om-

114 1010 164 1068 ncs,
182 993 324 1078 quisunt
344 992 490 1066 inmorte,
512 1002 583 1056 aurit
603 992 796 1065 intenebris,
809 993 892 1054 Telis
904 1001 1009 1054 autern.

115 1110 151 1164 cst
182 1099 256 1160 baec
283 1100 361 1171 vita,
401 1099 492 1161 etiam
521 1085 705 1162 omnimodis
741 1098 1009 1160 commoditatibus

116 1205 333 1276 affluentissima,
354 1211 384 1265 et
406 1204 506 1267 omnis
528 1207 649 1282 generis
670 1204 878 1282 vuluptatibus
900 1221 1007 1267 cumu-

114 1311 249 1374 latissime.
275 1309 331 1370 llis
353 1310 487 1372 tenebris
502 1311 625 1406 obdpati
646 1317 725 1382 sunt,
745 1317 775 1371 et
796 1311 825 1370 iu
847 1309 906 1371 hec
928 1317 1005 1371 tetra

113 1417 200 1479 mortis
218 1415 325 1478 umbra
351 1416 461 1478 sedent
491 1432 597 1478 omnes
625 1413 780 1487 homiues,
812 1432 871 1477 uon
900 1417 1000 1478 solum

111 1521 267 1594 calamitosi,
288 1520 477 1599 insipientes,
499 1528 687 1600 peccatores,
702 1519 901 1585 aedhumano
918 1538 1003 1585 more

106 1627 183 1689 etiam
202 1625 428 1703 sapientissimi,
447 1625 618 1703 iustissimi,
640 1627 852 1704 potentissimi,
873 1627 1004 1690 interris

101 1734 221 1795 nondum
245 1731 340 1794 verbo
361 1733 527 1797 illuminati.
1021 1728 1023 1744 '

175 1838 221 1900 Sic
242 1836 341 1900 Lucas
363 1835 446 1901 clare
466 1841 600 1909 ostendit
621 1855 657 1902 se
678 1822 761 1918 loqui
790 1839 829 1901 de
849 1838 910 1901 hac
931 1838 1003 1912 vitu,

89 1934 259 2005 illuminare
284 1942 334 2005 his
355 1945 407 2022 qui
428 1945 457 2005 iu
479 1943 611 2008 tenebris
632 1951 717 2017 sunt,
745 1951 797 2009 aut
820 1947 871 2020 (ut
891 1944 1001 2008 Esaias

83 2035 198 2141 habet)
222 2048 388 2120 sedentib
411 2057 473 2122 est,
495 2049 641 2113 habitant.
684 2049 839 2112 lebannes
861 2050 1000 2129 Baptista

83 2159 145 2210 tun
171 2161 217 2216 est
237 2153 352 2216 missus
373 2154 412 2216 ad
434 2156 593 2218 defunctos
612 2155 675 2232 jam
697 2156 774 2229 vita,
804 2155 915 2218 autad
937 2172 1002 2230 eos,

83 2255 136 2327 tui
172 2259 248 2321 diem
278 2276 367 2322 suum
394 2275 451 2337 per
471 2269 598 2325 mortem
634 2263 823 2338 corporalem
852 2262 999 2323 obierant.

83 2353 109 2415 lt
143 2370 242 2426 tamen
265 2346 440 2442 pater‘eJus
461 2365 626 2428 Zachariae
656 2366 742 2437 dicit,
774 2365 810 2427 llt
832 2373 879 2438 tu,
915 2383 1005 2444 puer,

83 2469 236 2548 repleta
257 2469 396 2533 altissimi
420 2471 589 2544 vocaberis,
611 2471 745 2550 praeibis
766 2471 846 2533 enim
867 2479 937 2532 ante
957 2473 1003 2533 la-

82 2564 163 2636 iem
183 2575 301 2637 Domini
324 2576 362 2638 ad
385 2576 554 2654 parandum
589 2575 761 2652 blaseius,
794 2576 834 2637 ad
868 2576 1000 2639 dandam

87 2677 241 2743 atentiam
264 2681 372 2743 salutis
393 2681 509 2758 populo
531 2682 644 2759 ipsius,
672 2683 701 2743 in
723 2682 906 2747 remissione
927 2698 1000 2777 pec·

83 2792 346 2858 :autoramentum
368 2802 423 2864 per
445 2787 563 2848 viscera
584 2787 875 2851 misericordiaellei
896 2788 1001 2862 nostri,

83 2893 196 2962 {uibus
219 2891 355 2953 visitavit
376 2908 433 2954 uos
456 2893 558 2955 oriem
579 2910 619 2954 ex
649 2890 724 2965 alto,
756 2899 790 2955 ut
811 2894 1000 2981 illucesceret

83 2993 147 3070 nis,
180 2997 233 3074 qut
255 2997 285 3057 in
317 2997 451 3059 tenebris
481 3004 512 3059 et
531 2999 561 3059 in
589 2998 698 3074 umbra
720 2999 825 3060 mortis
847 2998 998 3061 sedebant
1063 2984 1069 2991 ’

83 3106 138 3166 etc.
182 3103 230 3162 Αιι
252 3119 313 3163 uun
336 3102 501 3166 Zacharias
522 3102 633 3165 birex
654 3103 764 3166 Esaiae
785 3120 839 3166 ore
863 3084 1004 3181 loquitur

83 3212 108 3268 et
130 3206 227 3285 verba
249 3223 288 3269 ex
308 3224 361 3270 ore
383 3207 552 3286 prophetae
579 3210 687 3282 sumit,
718 3210 770 3287 qui
792 3209 872 3272 hanc
896 3204 998 3282 vitam,

83 3314 260 3386 praesertim
279 3312 566 3389 iudaicamterram
589 3317 640 3375 vel
666 3314 884 3378 habitationem
906 3320 997 3377 voret

83 3434 191 3481 errem
213 3419 339 3480 umbrae
361 3418 488 3481 mortis?
1014 3392 1019 3409 x

160 3523 229 3584 Huc
258 3540 328 3611 eum
360 3523 501 3602 subiecto
539 3532 570 3586 et
601 3533 779 3602 argumento
812 3525 906 3604 hujus
938 3527 997 3601 loci

83 3638 149 3710 rpte
171 3629 312 3708 quadret,
335 3628 417 3706 quud
440 3622 583 3710 loq'uatur
604 3630 641 3692 de
664 3631 713 3692 die
734 3647 771 3694 ac
792 3631 862 3693 luae
885 3630 996 3695 Christi

84 3735 246 3814 piritueli,
264 3734 407 3799 uidelicet
426 3735 466 3797 tle
486 3736 715 3810 illuminatione,
736 3734 925 3816 dejectitia,
953 3737 992 3798 de
