2258 4170
120 186 184 256 340
327 218 330 223 ·
468 190 613 252 Enarratio
633 180 799 251 uberior·¹

121 372 259 451 ipsorum
292 373 576 449 praestringentem.
619 369 747 447 Propter
779 381 830 429 res
851 363 953 440 nihili,
978 370 1005 433 ut

121 479 232 539 nullam
260 484 394 537 nostram
417 476 553 554 eulpam,
585 476 729 538 damnant
750 488 817 563 uas.
859 470 960 535 Volunt
982 485 1015 541 ut·

121 582 284 645 adoremus
306 583 382 644 istas
403 581 578 645 Zutmureth
600 582 761 653 tenebras,
782 577 905 640 umbras
924 580 1002 645 mortis

117 704 175 766 pro
196 688 262 750 tuoe
283 688 334 749 illa
366 703 439 749 vera
461 687 551 751 nobis
573 674 711 761 lucente,
746 685 802 748 sed
835 684 865 745 id
887 684 1002 749 baiana

118 810 283 872 uunquam,
306 792 388 855 hune
408 808 520 870 regem,
541 793 624 855 buno
644 793 738 855 titium
761 791 790 853 in
812 789 918 853 throno
930 790 1001 855 Dur'd

118 889 283 970 sedentem,
305 898 386 960 huno
408 900 514 971 lucem,
536 897 616 961 huno
638 902 736 962 sotem
751 897 880 961 adorare
890 899 1000 963 volunta
1031 978 1035 984 Ι

117 1011 147 1065 et
167 1004 281 1067 fortiter
296 1018 526 1083 perrumpemus
540 1011 569 1065 et
576 1005 779 1087 discutiemus
792 1003 869 1065 istas
880 1002 999 1079 tenebar,
1029 1082 1037 1093 ι

115 1110 260 1183 lotiones,
286 1120 417 1172 'rasuras
452 1117 509 1171 eta
552 1110 619 1172 Sed
644 1111 673 1172 si
705 1109 737 1172 id
760 1107 936 1189 tentaveris,
959 1124 999 1172 rua
1030 1116 1034 1125 “

116 1214 328 1293 magnificabis
348 1215 502 1288 laetitiam,
525 1202 667 1277 accerses
688 1215 1004 1296 rumpotinetum
1030 1268 1033 1273 .

115 1322 254 1384 oaaident
276 1329 313 1383 te.
356 1322 432 1398 Quid
454 1321 542 1383 tuurt
582 1322 715 1384 Possunt
749 1320 874 1400 quidem
902 1322 999 1399 mo'up

115 1427 252 1506 primere,
276 1428 331 1489 sed
353 1444 413 1490 nou
435 1428 607 1506 oppriment
627 1427 706 1488 trano
727 1428 837 1489 lucem.

69 1538 73 1543 '
198 1532 230 1594 In
252 1533 401 1611 principio
430 1551 545 1597 causae
572 1535 768 1612 evangelicus
782 1536 785 1541 ’
800 1532 876 1594 dixit
905 1530 1000 1610 qottm

47 1720 50 1726 Ι
116 1639 209 1700 irater
229 1654 269 1701 ex
290 1640 395 1701 ordine
417 1648 522 1703 nostro
543 1640 582 1702 ad
606 1657 669 1705 me:
704 1641 796 1703 erede
816 1638 903 1711 milri,
927 1638 1000 1721 bule,
1037 1666 1044 1683 ·

113 1746 232 1823 pudure
253 1744 408 1809 suffundet
430 1763 488 1810 uos
511 1754 541 1808 et
563 1764 657 1825 grave
681 1749 737 1809 erit
758 1762 797 1808 ao
813 1744 1001 1809 difficile-oua·
1041 1776 1044 1783 ·

110 1847 200 1923 fiteri,
221 1867 301 1929 quae
324 1859 356 1914 tu
378 1852 481 1926 doues,
503 1852 658 1931 quiahoc
678 1854 748 1930 ipso
765 1838 946 1914 eonfitemur
961 1848 1000 1915 aa

111 1968 242 2014 errasse.
284 1958 445 2019 Revooore
465 1960 530 2025 itta,
558 1976 640 2028 quao
666 1964 710 2015 tut
742 1974 841 2021 anuos
868 1957 1001 2020 do'orimut
1038 2000 1044 2012 ·

111 2062 142 2117 et
162 2054 355 2124 credidimus,
377 2054 483 2115 durum
495 2058 559 2116 erit.
588 2052 698 2130 Magno
711 2058 932 2120 reverentia-et
947 2078 1002 2143 aaa

112 2161 163 2223 dio
182 2160 307 2220 amabat
328 2167 358 2220 et
377 2160 614 2222 exosculabatur
635 2160 761 2222 verbum
784 2162 832 2222 vir
852 2162 904 2223 ille
918 2152 1021 2239 bonor,¹

110 2265 167 2341 ,sed
190 2272 290 2325 tamen
315 2263 375 2326 hoa
397 2265 529 2337 videbat,
550 2265 633 2344 quod
655 2267 903 2343 paucierrorem
923 2278 1005 2333 esseut

112 2370 291 2443 confessuri,
312 2370 394 2447 quod
417 2386 485 2433 oum
508 2388 619 2449 magna
646 2371 823 2434 difficultate
844 2373 875 2434 id
896 2376 1005 2437 laturum

112 2485 206 2540 esset.
247 2474 335 2537 Etid
356 2476 496 2539 videmus
518 2488 598 2539 nuno
619 2478 665 2539 sla
686 2477 763 2538 fieri.
808 2478 920 2541 Nolunt
932 2474 1006 2553 lateri

112 2584 196 2661 quod
219 2583 248 2642 iu
270 2598 331 2644 uua
352 2581 471 2659 syllaba
492 2574 674 2656 erraverint,
700 2584 783 2662 quod
806 2585 1007 2649 ambulaverint

109 2687 140 2748 in
160 2686 310 2758 tenebris,
334 2693 364 2747 et
385 2684 589 2750 habitaverint
609 2690 639 2749 in
659 2690 739 2750 terra
759 2690 890 2753 umbrae
911 2694 1007 2755 morlia

190 2790 290 2854 Nihilo
312 2791 415 2855 secius
436 2798 534 2858 tamen
559 2801 629 2856 suut
649 2795 770 2873 quidam
786 2796 860 2859 boui
875 2796 1008 2872 homiues,

107 2894 162 2976 qul
202 2896 471 2977 habeutbonam·
503 2876 718 2964 conscientiam
754 2909 783 2964 et
799 2900 904 2981 sp‘e'm
943 2904 1009 2965 vitre

109 3002 259 3066 aeternae.
301 3005 337 3066 Hi
361 3005 510 3067 accedunt
532 3014 562 3067 et
582 3015 727 3085 expetunt
747 3006 831 3071 huno
851 3023 955 3086 regem
972 3008 1009 3085 iu·

107 3107 218 3172 stillae.
251 3110 288 3170 Hi
313 3111 454 3173 conversi
477 3128 532 3190 per
551 3112 655 3174 radios
676 3111 768 3190 huius
789 3114 1011 3191 lucls'abjioiuut
1042 3116 1044 3127 '

106 3214 365 3290 vespertiliones,
406 3217 520 3293 talpas,
547 3224 696 3291 monstra,
732 3220 814 3281 idola
837 3198 1011 3292 Zalmauetb,

112 3334 208 3397 opera
230 3316 441 3393 tenebrarum,'
455 3338 535 3399 quae
556 3322 766 3409 adorauerunt.
861 3326 865 3331 ’

187 3424 250 3485 Ista
272 3426 461 3487 tenebrarum
475 3442 568 3506 opera
589 3416 694 3491 uolunt
709 3430 878 3494 adversarii
901 3426 1012 3496 anobis

106 3528 236 3599 adorari,
259 3533 711 3609 eaquemonstraanobisooli,
730 3552 864 3615 eumque
877 3539 908 3601 id
918 3540 1012 3602 lacere

103 3652 164 3697 non
186 3636 383 3709 sustinemus,
405 3654 476 3699 aum
499 3638 699 3702 obedientiam
721 3640 887 3706 huo-iore
902 3645 1013 3707 detrec·

101 3747 210 3816 tamus,
231 3742 334 3806 lurore
354 3743 489 3825 quodum
513 3744 735 3810 immanissimo
749 3750 859 3827 perciti
880 3766 920 3814 au
940 3751 1013 3833 rapti
