2258 4170
392 171 652 235 eoae
816 102 827 109 υ
971 127 1068 233 26-

100 366 118 411 a
139 346 289 436 papatu]
315 349 400 424 idae,
416 351 632 429 quiammbum
653 356 745 428 uerat
764 357 796 413 et
813 347 1013 428 persequitur,

103 473 139 518 ac
160 459 325 534 gloriamur
349 452 425 540 [uos
447 455 555 520 Christi
587 458 752 520 ecclesiam
773 471 870 529 *esse
892 438 1012 539 ,papam

83 573 202 627 *autem
223 581 293 627 cum
316 564 383 626 suis
404 562 571 626 antichristi
592 563 754 626 ecclesiam
768 579 852 626 csse.
891 561 1015 627 iudica-

106 670 270 749 murigitur
284 669 426 744 seditiosi
440 678 470 731 et
490 668 651 750 haeretici]
676 687 695 733 a
715 686 805 748 papa,
827 677 861 731 ut
881 670 933 747 qui
956 685 1013 731 uos
1041 679 1053 705 ‘

108 775 296 838 diviserimus
307 777 348 842 ab
369 776 568 854 caecctesia,
589 777 618 838 in
640 793 703 854 qua
715 775 862 854 baptisati
875 783 907 837 et
927 774 1014 835 iusti-

53 916 57 935 ·
110 883 161 943 toti
179 881 303 954 sumus,
341 880 412 960 [sed
446 891 551 959 nostru
581 899 641 944 nou
663 888 711 943 est
732 883 835 960 culpo,
873 898 932 953 nos
950 892 1012 943 uon
1108 895 1110 901 ·

111 988 303 1050 discessimus
327 988 366 1049 ab
388 988 443 1061 eis,
465 988 523 1066 ipsi
536 982 683 1065 potius²)
706 987 869 1057 discedunt
882 1004 899 1048 a
913 987 1038 1059 uobis...
1073 1012 1077 1020 ’

114 1096 166 1156 imo
187 1093 307 1170 ejiciunt
329 1110 388 1155 nos
410 1102 440 1156 et
460 1095 586 1154 verbum
618 1101 754 1156 nostrum
776 1110 815 1154 ex
835 1110 893 1156 sua
909 1096 1013 1186 'eccle-

78 1231 81 1237 ·
114 1202 161 1260 sia.
201 1200 256 1261 iiic
276 1214 408 1261 necesse
429 1207 476 1263 cst
497 1215 554 1260 nos
576 1215 699 1278 quoque
717 1199 907 1271 concludere,
929 1200 1011 1278 quod

113 1314 224 1367 sauctus
242 1307 339 1368 israel
360 1305 520 1367 uobiscum
542 1307 582 1367 sit
602 1313 632 1368 et
653 1323 712 1367 noo
734 1323 803 1368 cum
820 1305 957 1384 papa*).

151 1491 240 1555 Dedi
266 1494 597 1572 propitiationem
618 1502 718 1557 tuam
740 1497 975 1573 Aegyptum.

177 1621 225 1682 Ae
245 1620 418 1685 taciendam
438 1622 527 1684 tidem
549 1623 658 1701 repetit
678 1615 841 1702 praeterite
853 1623 1012 1686 beneficia.
1099 1695 1104 1701 ,

104 1726 149 1788 itta
169 1728 296 1804 grandis
320 1731 447 1793 mutatio
469 1746 649 1808 synagogae
670 1737 700 1791 at
715 1731 864 1793 ecciesiae
886 1729 1029 1821 perinde,

93 1840 148 1893 -est
167 1840 259 1911 atqua
281 1835 309 1896 si
331 1836 409 1898 atius
431 1830 510 1897 iruna
538 1836 596 1897 sim
618 1837 701 1898 Deus
729 1844 822 1915 atque
855 1835 924 1898 otim
960 1835 1010 1900 tui.

102 1938 241 2000 seducti
263 1939 392 2014 offendi,
414 1942 524 2019 pusille
546 1958 636 2019 grex,
665 1930 733 2005 sum
755 1943 835 2004 enim
858 1940 907 2003 itte
928 1941 1007 2001 idem

102 2044 198 2116 Deus,
228 2046 281 2124 qui
311 2047 438 2124 saepius
468 2048 497 2108 iu
529 2046 638 2111 hostes
660 2056 733 2110 tuos
751 2064 883 2126 poenam
904 2047 1012 2119 averti,

100 2165 187 2228 quam
209 2157 240 2211 tu
264 2166 336 2214 cras
358 2152 490 2228 meritus,
510 2160 542 2223 ¹ct
563 2153 632 2215 dedi
655 2161 708 2216 tuo
726 2155 794 2216 toco
807 2153 915 2216 hostes
928 2160 1009 2215 tuos.
1034 2152 1038 2164 '

103 2256 181 2317 idem
203 2271 283 2318 nunc
305 2275 429 2337 quoquc
449 2257 573 2330 faciam,
602 2259 797 2338 quantumvis
820 2260 959 2321 adflictus
980 2266 1011 2318 et

103 2361 227 2438 pusitius
257 2378 331 2439 grex
362 2362 416 2425 sis.
458 2363 538 2424 Nihit
557 2364 649 2442 igitur
668 2374 699 2427 te
720 2381 820 2444 neque
841 2373 892 2426 tua
907 2366 1010 2451 pauci·
1072 2357 1076 2365 ’

105 2474 157 2536 tas,
177 2483 233 2528 uec
252 2467 388 2530 hostium
411 2469 569 2530 multitudo
591 2469 733 2533 offendat
776 2470 947 2533 cumcuim
969 2471 1009 2531 itti

106 2573 279 2635 videbuntur
299 2581 330 2634 te
351 2573 505 2651 direpturi,
527 2575 705 2652 diripientur
720 2585 751 2638 et
764 2576 925 2653 perdentur
938 2576 1009 2655 ipsi.

107 2675 191 2738 Porro
212 2660 293 2740 Seba
316 2681 494 2756 metropolis
516 2680 699 2758 Aethiopiae
721 2689 777 2745 est.

207 2864 281 2928 .Ex
301 2884 380 2945 quo
402 2866 652 2930 honorabitis
673 2843 804 2933 iactus
826 2887 875 2930 es.

53 2994 57 2998 ’
177 2991 454 3058 cotumaciam
485 2997 722 3077 groeosamup.
756 2964 849 3060 'ueto
899 2997 1006 3060 eoram

117 3113 164 3156 me.
202 3097 275 3160 Nam
296 3103 534 3164 etcousoientia
555 3109 669 3172 nostra,
690 3112 721 3166 et
741 3121 791 3166 res
813 3106 892 3184 ipsa,
913 3113 944 3165 et
957 3112 1010 3165 to·
1073 3140 1077 3145 -

117 3280 306 3299 ψ

173 3429 202 3497 “)
220 3433 421 3491 Sancturlsrael
439 3418 573 3494 uobiscum
592 3447 642 3507 est,
661 3456 711 3495 uon
730 3458 790 3495 cum
801 3441 877 3511 i’ape.
898 3443 946 3511 ⁸⁸)
960 3416 1008 3496 iic·

118 3521 184 3578 ciceia
200 3541 286 3580 eoram
303 3529 360 3583 lico
380 3531 516 3600 gloriosa„
589 3593 597 3601 ,

174 3642 289 3708 0111111.
319 3646 388 3701 15³2
419 3650 458 3704 ric
493 3653 594 3720 pergit:
631 3661 658 3706 ct
689 3605 800 3707 ‹iicimue
832 3670 880 3707 uos
911 3653 1006 3707 Christi

117 3734 235 3790 soterian
253 3755 314 3791 auc
331 3748 382 3794 etc.
420 3745 469 3809 ·')
487 3743 559 3799 Edit.
581 3746 667 3816 1532.-
686 3748 732 3804 rcri
750 3750 811 3821 ipsi.
