2258 4170
358 270 366 279 ι
418 184 498 263 (inp.
519 177 569 245 53.
592 176 702 241 &eise
961 171 1021 268 421

85 348 430 440 'dignitus'nersonee·‚
461 338 496 423 ut
516 368 599 423 totus
623 360 755 423 mundus
784 375 844 419 nen
867 359 1026 420 eonferen-

98 469 167 531 dus
189 470 231 532 sit
253 470 291 529 ed
315 485 407 536 unem
430 468 577 545 guttulam
606 467 778 542 sanguinis,
815 470 845 525 et
875 456 975 525 tum'en
997 464 1025 526 si
1106 484 1108 488 ·

96 586 171 637 und
186 581 279 661 ‚ginta
301 580 416 635 tentum
438 574 626 644 funderetur,
657 571 748 632 heee.
765 570 907 632 liberaret
927 578 1023 633 tutum

100 682 215 742 urbem
234 688 396 742 terrarum.
426 678 481 740 list
489 680 573 740 enim
585 677 666 738 iilius
677 662 742 748 Dei}
765 677 834 738 ideo
850 676 908 737 dici
923 677 1023 750 debet,
1090 697 1116 728 ’κ

99 785 219 861 Livor,
242 784 403 861 castigatio
424 783 482 863 titii
499 782 568 854 θοῆς
597 800 657 844 nen
680 780 864 860 prophetae,
886 788 946 843 uon
970 799 1026 858 pu-

100 892 269 963 trieruhee
291 892 399 966 angeli,
420 890 549 966 pretium
565 889 655 950 minis
672 889 787 964 grande
800 898 857 960 est,
879 887 1026 964 copiosus

101 1005 156 1079 est
177 996 325 1059 Christus·
340 996 528 1072 redemptor,
559 995 686 1071 copiose
715 994 838 1071 pertulit
866 987 1041 1081 eulephes,'
1076 986 1081 997 '

102 1080 255 1178 uerbere,
277 1107 385 1197 sputu,
408 1102 530 1178 eiepes,
552 1103 644 1162 imme
666 1101 815 1162 tristitiem
837 1108 873 1162 et
889 1101 1024 1163 delerem
1085 1131 1086 1137 κ

102 1209 136 1269 in
159 1209 254 1270 eorde
275 1223 376 1286 usque
400 1207 657 1283 ud‘senguinem.
700 1200 873 1294 Gepiosum'
895 1206 1025 1284 pretium
1090 1213 1094 1216 ’

100 1322 165 1384 est,
187 1330 245 1374 nee
262 1293 419 1393 hebemus
436 1328 568 1374 seusam
582 1314 774 1391 desperandi,
791 1314 892 1374 emnia
913 1312 1027 1389 petitur
1065 1309 1068 1316 ’

104 1425 236 1496 prepter
255 1424 384 1494 peecata
405 1413 510 1479 nostre
538 1419 566 1478 in
595 1399 678 1480 hune
709 1417 814 1490 finem,
851 1427 883 1479 ut
914 1404 1025 1495 ‘peeem
1057 1463 1059 1467 .

104 1531 139 1585 et
166 1504 303 1586 satutem
326 1523 513 1597 habeamus,
548 1524 644 1586 livere
679 1525 745 1600 ejus
773 1526 872 1586 senati
906 1540 1023 1599 sumus,

96 1625 135 1717 1·
158 1629 224 1693 Pet.
246 1626 275 1691 2.
299 1630 390 1705 ¹Ideo
411 1618 463 1707 hie
488 1637 596 1707 posset
617 1631 737 1706 erponi,
760 1646 830 1691 eum
852 1631 933 1700 dicit,
956 1646 1031 1691 eus·
1093 1614 1098 1629 ’

109 1735 219 1812 tigetio
239 1751 295 1797 seu
318 1723 478 1823 diseiplind
500 1735 587 1813 pacis
608 1728 743 1809 nestrae,
764 1736 794 1796 id
815 1744 874 1828 est,
896 1722 1029 1810 castigess

106 1841 193 1903 tiene
213 1836 279 1916 ejus
302 1839 391 1901 uehis
412 1848 460 1902 est
473 1855 544 1919 pxex,
567 1842 661 1902 livere
682 1842 750 1916 ejus
773 1843 918 1918 contingit
934 1840 1031 1903 nebis'
1075 1838 1078 1849 '

107 1946 239 2016 seniles,
261 1945 350 2027 idest,
371 1945 468 2015 selus,
491 1945 700 2022 evangeiistee
714 1963 774 2008 nen
796 1948 842 2009 sie
862 1943 1027 2024 lequuntur
1067 1964 1095 1984 -·

107 2051 159 2113 de'
171 2051 318 2128 passione
339 2048 467 2135 christi,
490 2061 622 2128 exeunte
642 2053 732 2114 Petro
753 2059 784 2113 et
797 2035 906 2113 Penio.

110 2239 251 2302 Omnes
272 2255 357 2311 nes,
384 2239 499 2316 quasi
521 2244 631 2311 oves,
654 2237 889 2317 erravimus,
905 2256 1027 2309 unus-

83 2333 286 2424 ·quisque'
310 2343 348 2405 in
375 2345 475 2406 viem
504 2361 609 2412 suem
632 2344 866 2416 declinavit,
898 2354 934 2422 et
961 2362 1025 2423 po·
1090 2324 1093 2335 ’

106 2451 187 2513 suit
217 2450 468 2513 Dominusid
494 2466 541 2510 ee
571 2448 831 2528 ini-quitatem
856 2451 1024 2518 emnium
1117 2444 1121 2455 ⁴

468 2563 658 2618 nostrum.
756 2573 759 2580 ·

189 2683 247 2745 iiic
269 2699 304 2744 se
325 2684 450 2760 turpiter
471 2683 545 2744 deut
566 2667 685 2757 Judeei,
706 2686 758 2762 qui
780 2686 882 2747 dieunt
904 2686 944 2746 de
967 2703 1024 2762 pe·
1120 2671 1122 2682 ’

97 2791 180 2866 ,puio
211 2790 354 2866 ceptive‘
368 2787 507 2864 intelligi,
541 2791 592 2868 qui
621 2791 661 2852 sit
694 2793 871 2854 vulneratus
901 2799 1048 2887 promerx

104 2901 231 2963 nostre,
252 2893 289 2954 id
313 2902 375 2964 est,
405 2894 559 2970 gentilium
582 2904 718 2972 peccate.
760 2894 923 2976 Expenunt
944 2899 1026 2971 enim·
1095 2937 1101 2945 -

104 3002 150 3061 ite
172 2999 255 3060 hune
276 3001 392 3071 lecum,
414 3001 564 3078 Tempore
586 2998 736 3074 Moesiae,
765 3020 834 3065 eum
857 3005 973 3066 venerit
994 3013 1024 3066 et

105 3103 325 3180 glorificaverit
353 3108 500 3187 pupulum
523 3122 613 3168 suum
634 3105 803 3180 Judeidum
832 3097 896 3170 vos
918 3087 1025 3185 gentes

104 3208 218 3271 dieetis
240 3211 300 3281 sic,
322 3209 422 3285 Quare
443 3210 640 3274 humiliemus
661 3215 751 3276 isium
775 3215 939 3292 populum,
961 3214 1024 3294 xqtri
1058 3268 1061 3279 .

105 3316 289 3376 vulneratus
306 3322 366 3385 est
394 3324 521 3393 propter
541 3327 669 3394 pendete
690 3305 805 3384 nostre.
848 3319 910 3381 Sed
943 3321 1025 3395 endi,

105 3419 184 3498 quid
208 3418 366 3496 prophete
385 3422 490 3512 dieat,
527 3422 642 3486 Omnes
676 3441 733 3487 nes
768 3427 947 3489 erravimus.
990 3426 1023 3488 Si

105 3525 252 3601 dicerem,
275 3534 309 3587 ut
330 3524 496 3590 Eunuchus
515 3530 582 3589 Aet.
602 3525 632 3602 8,
655 3518 692 3590 de
715 3546 777 3606 que
799 3528 932 3608 loquitur
954 3544 1024 3608 pre-

104 3629 223 3715 phetae
262 3630 300 3692 de
323 3631 436 3710 quibus
458 3634 607 3710 loqueris,
639 3651 707 3696 eum
730 3631 807 3708 ais,'
822 3643 945 3714 prepter
964 3637 1021 3698 ini·

101 3736 239 3812 quitates
260 3745 382 3803 nostras
404 3739 516 3802 lividus
538 3741 637 3803 tectus
659 3739 791 3815 est‚*de
812 3741 943 3818 quibus,
972 3744 1017 3804 in·
1044 3806 1048 3817 ,
