2258 4170
114 146 189 225 2⁰57
335 163 433 240 >caput
453 148 721 242 quinquagesimum
743 178 873 251 nouum*
933 160 968 262 γ’

44 369 47 375 ·
69 379 74 387 ι
109 342 186 414 ‚buu
205 356 284 428 quas
295 349 423 420 peccata
435 324 539 404 nostra
551 351 732 417 meruerunt,
754 329 875 406 unicam
888 344 994 407 orandi

1 440 2 446 ’
99 448 265 520 'rationem
285 463 366 520 ease,
388 448 582 511 utDomious
600 465 709 511 nomen
733 457 763 511 et
785 451 912 514 verbum
934 467 991 514 suu

3 542 6 549 ’
114 569 175 617 uon
198 559 324 631 peccata
346 561 450 615 nostra
472 553 625 633 respicere
648 554 728 618 vetit.
761 557 843 619 Talis
865 563 990 620 estora

115 659 262 734 Danielis,
283 658 417 722 etmulti
439 659 562 723 Psalmi.

115 833 130 868 ⁹*
181 836 183 840 ’
245 815 290 917 Et
313 847 504 909 timebunt
526 847 591 926 qui
613 847 659 935 ab
682 849 899 957 occidente.

118 1025 123 1030 .
194 974 258 1038 Ista
279 974 381 1069 omnia
403 975 492 1036 iaciet
513 975 674 1066 Dominus,
692 983 737 1045 ¹ut
758 994 793 1039 se
814 977 971 1051 defendat,

114 1089 147 1146 ut
167 1098 277 1145 nomen
289 1074 373 1159 ‘ejus'
389 1088 527 1142 narretur
547 1082 577 1142 iu
597 1082 744 1144 universa
764 1090 852 1145 terra.

305 1269 468 1332 Vonorit
488 1268 581 1332 Zion
603 1268 848 1346 redemptum
877 1260 881 1267 ’

96 1405 101 1409 ’
194 1397 308 1461 Paulus
328 1397 411 1460 huno
431 1400 531 1460 iocum
552 1396 647 1475 pario
668 1396 754 1458 aliter
775 1397 847 1459 citat
869 1397 955 1459 Rom.
977 1397 990 1460 i

24 1541 28 1547 -
110 1503 166 1566 Est
201 1490 301 1577 autern
334 1503 397 1566 hic,
418 1503 569 1580 generatis
604 1503 769 1576 sententia,
804 1504 894 1579 quasi
930 1503 993 1565 dica

47 1615 51 1625 “
112 1609 236 1686 Quoties
248 1609 331 1672 Deus
348 1614 541 1688 praesentem
563 1607 695 1686 aliquam
718 1608 920 1671 calamitatem
941 1609 992 1670 tolt

74 1785 79 1801 x
111 1724 141 1778 et
158 1716 270 1781 liberat
287 1731 371 1789 suos,
394 1731 448 1792 per
471 1715 597 1776 verbum
619 1714 649 1775 id
671 1714 752 1778 tacit.
774 1711 952 1795 Paulus**)
968 1715 993 1792 ig

62 1869 63 1872 ,
110 1827 159 1883 tur
186 1837 241 1898 pro
272 1837 356 1884 more
377 1838 417 1884 ex
438 1821 571 1900 generati
595 1821 759 1898 specialem
780 1822 866 1894 iacit,
895 1829 925 1884 et
945 1819 993 1882 hat

110 1929 288 1991 seutentiam
304 1917 516 1990 accommodat
535 1926 573 1988 ad
595 1940 702 1988 casum
723 1943 912 2013 synagogae,
934 1943 993 2003 qua

106 2034 206 2097 dicut:
233 2036 379 2112 Agnosco
401 2034 507 2111 lapsos
530 2039 561 2094 et
581 2038 764 2094 excaecatos
785 2032 937 2104 iudaeos,
967 2049 993 2095 st

5 2145 26 2186 ,·
65 2142 72 2151 “
109 2141 244 2204 nondum
276 2155 403 2218 prorsus
436 2137 546 2216 abJecti
575 2145 654 2200 sunt.
696 2138 816 2199 Habent
843 2139 923 2199 enim
950 2155 993 2221 pr«

83 2274 86 2281 v
108 2242 274 2309 missiones
286 2253 317 2307 et
327 2246 463 2307 verbum.
486 2243 635 2321 Quamdiu
658 2250 758 2306 autem
783 2244 908 2329 verbum
932 2243 993 2306 dun

111 2351 196 2419 verit.
218 2356 248 2413 et
275 2342 412 2425 liberatio
435 2352 566 2429 quoque·
580 2349 711 2414 durabit.
755 2349 993 2429 Gentesretiqui

108 2457 267 2528 adduntur,
289 2457 377 2518 etsie
394 2455 468 2518 flunt
487 2455 708 2518 omnesisraet
732 2453 809 2516 Nam
831 2457 915 2534 quod
937 2458 993 2518 dici

4 2628 7 2632 ,
108 2562 271 2634 Adueniet,
303 2552 362 2624 nou
384 2561 423 2623 dc
444 2561 577 2632 adventu
590 2574 752 2639 ¹personae
773 2560 950 2638 cujusdam,
971 2581 993 2626 at

67 2667 72 2685 ¹
108 2668 179 2730 novi
209 2662 374 2731 'salvatoris
396 2675 444 2729 est
464 2668 701 2745 intelligendum,
735 2667 790 2729 sed
812 2669 852 2730 de
874 2669 993 2746 spiritua

46 2837 64 2852 χ
108 2773 241 2836 adventu
263 2772 348 2834 verbi
370 2780 401 2835 ct
422 2755 555 2850 spiritus.
587 2774 719 2835 Durante
740 2773 831 2850 igitur
853 2775 956 2846 verbo,
976 2776 993 2837 it

67 2909 70 2914 ·
107 2863 189 2957 quit,
209 2878 329 2940 durabit
350 2885 379 2940 et
400 2858 567 2957 redemptio
589 2879 695 2951 israel,
720 2880 802 2955 quod
824 2869 948 2958 semper
967 2881 992 2942 at

101 2985 161 3064 *qui
189 2975 408 3047 convertentur.
452 2983 534 3045 Satis
564 2993 664 3046 autem
691 2992 738 3045 est
769 3002 823 3063 pro
846 2987 993 3064 impletion

11 3159 17 3168 ,
107 3089 406 3169 scripturaoatiquos
424 3090 851 3168 saltemJudaoosaliquando
874 3101 993 3154 convert

108 3196 193 3272 Quod
207 3196 233 3258 si
246 3194 413 3288 quisPauli
434 3186 612 3257 sen'tentiam
635 3186 723 3275 sequi
745 3199 834 3259 etiam
857 3196 907 3260 hic
929 3200 993 3259 vole

109 3303 137 3364 is
158 3296 369 3381 totum‘caput
388 3304 496 3364 referet
514 3302 551 3362 ad
573 3303 810 3381 redemptionem
833 3301 959 3375 Christi,
986 3321 993 3364 t

107 3406 145 3468 ad
179 3396 438 3481 excaecationem,
478 3423 558 3484 quae
586 3414 722 3487 tempore
749 3408 859 3472 christi
891 3409 993 3472 Judeei

46 3542 49 3546 ·
102 3511 260 3598 contigit„

173 3730 203 3806 ⁴)
222 3731 300 3788 flutio
320 3729 420 3786 orandi.
457 3730 505 3802 ”i
523 3731 630 3789 Summa
646 3731 730 3789 Ptuit.
