2258 4170
102 165 166 235 332
421 172 708 236 Enamaboubesibr·

122 340 125 345 ’
186 350 350 430 Diligenter
378 358 409 415 et
433 352 542 416 sedulo
563 353 659 417 tinem
677 358 712 416 ot
729 353 894 417 raritatem·
913 357 980 426 lnam

105 465 267 530 autemut,
288 458 411 520 avitiis
431 465 462 521 et
482 456 607 536 flagitiis
619 460 844 557 deterruerunt,
865 463 915 522 sed
929 465 982 531 uili

106 572 159 626 aut
191 578 299 642 parum
331 572 561 642 promoverunt,
595 566 710 628 nullum
752 565 889 628 viderunt
920 574 982 703 sequ

104 670 233 762 tractum
253 675 307 732 ant
328 670 483 746 augarum
575 688 599 705 ··
683 696 686 703 ·
785 686 788 691 ·
827 698 830 703 ·

184 775 217 836 ln
243 783 335 836 tanta
353 776 458 854 populi
484 775 714 853 ingratitudine,
758 776 985 855 improbitates

107 882 233 953 malitia,
264 880 339 942 nibil
367 880 448 943 alind
469 881 571 944 lasere
596 889 777 973 potuerunt,
806 898 898 961 quam
918 888 984 961 unul

104 1004 163 1050 nos
183 987 329 1060 lauimus,
352 988 572 1061 clamaverunt,
593 991 842 1066 suspiraverunt,
863 986 985 1055 adventa

104 1092 238 1155 blessiae
247 1090 478 1170 subnotatione
497 1109 534 1155 ιι
554 1093 787 1156 οοιιιοΙιιίιιιιιι
808 1098 840 1153 et
855 1091 986 1156 oonilrna·

105 1205 226 1271 verunt,
261 1197 502 1275 ardentibusque
529 1199 610 1261 votis
638 1197 707 1274 ejus
735 1198 899 1260 adveutum
917 1213 987 1277 erpa

104 1305 244 1367 tiverunt.
293 1303 380 1365 Siout
413 1319 471 1366 uos
502 1302 595 1367 bodie
631 1302 691 1365 sub
722 1304 837 1365 nostris
870 1304 988 1369 oneribus

104 1418 261 1486 gementes
282 1410 465 1482 clamamus,
486 1409 563 1472 Veni
584 1408 719 1480 domine,
741 1410 823 1482 veni,
845 1409 922 1470 vitae
939 1426 988 1487 pen
1033 1444 1035 1475 !

104 1515 183 1578 laesi
203 1515 331 1577 dissolvi
353 1515 503 1594 cupimus,
525 1520 557 1577 et
577 1529 656 1593 esse,
671 1529 741 1576 oum
759 1513 898 1577 christo..
932 1515 990 1591 uuit

104 1621 183 1682 euim
205 1620 375 1682 laceremus
405 1621 436 1682 in
458 1620 592 1685 mundoi
633 1619 700 1696 Quo
720 1627 752 1682 ts
772 1618 881 1691 vertis,
911 1621 990 1685 omnir

102 1727 193 1804 plana
213 1733 286 1789 sunt
305 1724 512 1796 offendioulis,
530 1725 608 1788 nibil
624 1733 677 1789 est
696 1726 780 1804 quod
800 1732 833 1788 te
854 1724 991 1801 daleotru,

103 1830 187 1910 quod
207 1829 381 1897 exhilarare
402 1832 432 1893 in
454 1831 569 1894 mundo
590 1847 662 1893 uere
682 1831 792 1908 possit.

184 1937 291 2015 Regna
311 1936 385 1999 nibil
405 1945 476 2001 sunt
496 1936 556 2001 nisi
577 1935 749 1999 anarohiao.
784 1936 919 2014 Populus
937 1952 993 2000 ooa-

103 2043 208 2105 temnit
234 2043 416 2123 tonsiones,
449 2042 593 2105 exsibilet
629 2041 773 2113 verbum,
804 2041 883 2103 ridat
910 2042 993 2116 lleun,

103 2148 290 2210 eonditorem
311 2154 342 2209 et
361 2146 586 2226 redemptorem
612 2165 720 2222 snum,
751 2163 835 2226 quaa
854 2148 934 2211 Deus
952 2164 994 2226 per

104 2271 179 2317 snos
216 2254 371 2317 ministros
403 2254 533 2317 minatur
566 2261 595 2317 at
628 2261 744 2326 monet,
776 2253 927 2317 babentm
952 2269 995 2331 pro

25 2414 28 2421 .
102 2375 186 2422 mera
213 2359 324 2420 tabula.
366 2358 437 2437 lpse
468 2358 564 2433 filius,
594 2338 759 2438 parvulus,
789 2373 846 2421 rex
873 2365 997 2422 aeternae

98 2465 235 2542 justitiae
256 2463 339 2525 nibili
360 2463 406 2537 lit,
438 2466 571 2527 innullo
593 2466 705 2542 pretio,
735 2464 765 2525 in
785 2464 867 2526 nullo
889 2471 935 2525 est
952 2464 996 2526 bo

102 2587 192 2643 nore,
225 2569 341 2631 indulta
361 2569 435 2646 ,ejus
462 2570 613 2633 beneficia
641 2568 730 2633 nobis
758 2568 862 2633 oblata
894 2584 996 2631 summa

103 2675 316 2753 ingratitudine
352 2676 549 2752 repudiantur
566 2684 612 2738 'et
645 2676 876 2752 proculcantur,
919 2675 996 2752 gloria

103 2782 202 2860 ipsius
223 2781 252 2843 oi
272 2780 406 2859 eripitur,
427 2781 628 2860 blasphemiis
648 2780 845 2844 horribilibus
865 2795 920 2859 per
939 2780 998 2842 mis·

104 2904 158 2950 sas
179 2888 319 2965 aliasque
347 2886 505 2949 idolatriae
536 2887 666 2950 alfioitur
696 2888 787 2948 etiam
809 2886 849 2948 ab
870 2885 925 2958 ils,
957 2885 1000 2963 qui

105 2993 291 3055 sanctissimi
312 2992 409 3053 videri
432 2993 546 3056 volunt.
654 3038 656 3045 .

102 3096 105 3100 ’
185 3099 237 3161 Sia
268 3104 300 3159 et
328 3097 437 3161 ludaei
472 3115 527 3176 pro
565 3097 658 3160 nibllo
695 3096 867 3158 babuerunt
897 3103 1005 3158 terram

104 3205 350 3275 desiderabilem,
379 3209 409 3264 et
430 3204 460 3264 in
489 3204 622 3265 vanitate
643 3219 701 3264 sua
722 3202 907 3263 deiecerunt
948 3201 1007 3264 lise

105 3310 301 3372 vehementer
330 3313 426 3373 movit
454 3309 636 3389 propbetas,
668 3323 727 3368 non
753 3313 923 3384 'potuerunt
955 3322 1010 3367 non

105 3416 238 3492 graviter
257 3415 328 3477 bino
349 3416 467 3488 dolere,
500 3415 581 3495 qnod
603 3414 742 3474 viderunt
762 3426 813 3483 se,
840 3411 1011 3474 doctrinam

41 3532 46 3537 ·
105 3536 207 3591 suam,
246 3521 537 3599 promissionesque
561 3520 654 3598 ipsis
692 3518 731 3580 da
764 3516 881 3579 Mesala
918 3517 1015 3578 laetas

102 3626 263 3688 'contemni
306 3626 378 3689 Ideo
400 3624 623 3699 concluserunt,
645 3626 800 3695 venturus
820 3629 873 3719 est
893 3621 1016 3721 quidem

101 3729 249 3807 Messias,
270 3732 326 3794 sed
348 3733 395 3795 sio
416 3733 530 3815 veniet,
551 3737 584 3794 ut
604 3731 764 3809 improbos
787 3736 824 3793 et
841 3726 1015 3793 sceleratos
