2258 4170
118 155 221 245 368Ι
313 204 319 213 -
436 126 580 241 llaerratio
602 120 714 226 uberior
811 197 815 203 ·
843 178 851 209 ἰ

117 340 196 407 sitas
223 338 285 403 hue
312 357 371 404 nos
400 341 491 419 cogit.
534 343 600 407 lloo
630 361 703 409 voro
731 347 803 409 loeo
827 347 881 408 'vel
903 347 1021 431 maxime

119 456 168 510 eet
190 445 367 510 necessarie
389 449 544 525 allegoria.
580 434 875 528 Signifio’atirr'enim
896 434 948 514 hio
967 454 1021 517 bel·

25 573 27 579 ·
117 556 180 617 lum
201 553 367 632 spirituale,
389 555 462 632 quia
482 555 781 644 prophetaloquitur
801 558 841 620 de
863 558 1022 623 occidenda

114 667 145 722 et
166 659 295 723 delendo
316 668 421 732 morte,
443 668 571 738 peccato
593 669 624 723 et
644 663 721 740 lege.
763 663 830 726 lloe
849 671 946 727 totum
968 665 1020 728 bel·

115 766 178 828 lom
189 766 294 843 itaquo
310 765 603 829 accommodandum
615 774 664 830 est
672 767 711 830 ad
723 748 899 845 spirituales
911 772 1019 834 Amale-

115 872 215 935 obitas
236 888 273 933 ao
295 870 431 951 reliquos
452 873 569 945 hostes,
591 879 621 934 et
641 873 679 935 arl
697 874 1019 954 Gideonem²splritua·

113 980 181 1041 lem.
223 978 299 1040 Tros
327 976 397 1040 illos
424 976 533 1040 lrostes
555 979 661 1056 populi
683 979 738 1041 Dei
760 981 837 1043 ludit
857 989 889 1044 et
911 981 1020 1046 eonfieit

113 1082 230 1146 Gideon
252 1099 320 1149 eum
343 1084 410 1145 suis
426 1084 494 1146 sola
519 1083 593 1145 tuba
614 1101 652 1146 ao
671 1073 806 1149 flam‘ma.
840 1087 907 1150 Non
929 1096 1020 1151 morea

2 1218 4 1229 ·
112 1187 239 1253 flamma
269 1204 325 1250 eos
356 1188 540 1264 combussit,
573 1182 759 1254 nee'soous
792 1193 898 1286 tubae
918 1194 1021 1256 occidit

4 1344 8 1353 .
114 1301 167 1358 aut
187 1295 368 1375 prostravit,
400 1296 457 1358 sed
484 1301 600 1358 tantum
623 1297 750 1370 Χιοιιιιίῑ,Ι
769 1304 814 1373 ¹ut
841 1297 914 1361 dixi.
950 1299 1021 1381 'Solo

19 1487 22 1493 Ι
110 1411 226 1465 errore
237 1402 383 1479 prostratu
404 1407 475 1465 suot
496 1419 537 1465 ex
557 1402 666 1465 auditu
685 1403 785 1477 tubae,
806 1410 838 1466 el
859 1412 1028 1483 conspeetu

109 1506 268 1583 flammee3
300 1523 358 1570 oon
380 1514 544 1570 senserunt
563 1507 718 1603 flammam
741 1512 798 1572 se'u
819 1511 935 1587 ignem,
967 1529 1022 1574 noo

112 1614 161 1676 vel
190 1615 270 1692 pilus
298 1614 420 1691 eapitis
436 1615 519 1712 igne
538 1616 568 1676 io
590 1610 678 1693 ipsis
707 1616 835 1689 laesus,
870 1615 928 1678 sed
960 1619 1022 1680 solo

97 1726 279 1799 'conspeetu
300 1719 381 1796 ignis
401 1726 434 1782 et
454 1736 533 1783 sono
555 1727 670 1782 tantum
693 1721 797 1784 audito
820 1720 868 1783 eie
891 1729 1024 1785 conster-

7 1856 10 1865 ι
50 1826 53 1833 ‘
109 1829 171 1890 nati
192 1834 223 1889 et
236 1824 355 1889 contriti
372 1832 452 1898 suot
472 1832 507 1888 ut
526 1827 660 1915 lugendo
672 1843 716 1889 ue
720 1824 1022 1904 ipsosoonloderent

27 1952 30 1959 ·
108 1933 239 2020 Egregia
261 1919 412 2010 prolecto
418 1930 565 2005 luitlldes
587 1948 702 2006 eorum
715 1934 775 2012 qul
798 1950 868 1997 eum
892 1921 1024 2003 Gideooe

41 2038 43 2043 ¹
109 2069 304 2126 occurrerunt
324 2065 392 2123 tarn
408 2076 537 2138 magnae
559 2055 748 2124 multitudini.

74 2192 81 2210 ¹
191 2190 253 2253 Sed
285 2190 445 2252 videamus
477 2190 662 2268 allegoriam.
705 2185 790 2253 Tube
819 2197 869 2252 est
903 2192 1024 2267 proprie

82 2314 170 2359 *vox
199 2296 359 2374 evangelii.
402 2296 471 2358 Dux
496 2302 549 2376 est
574 2294 655 2357 filius
688 2295 738 2357 ille
768 2295 860 2357 datus
889 2301 923 2356 et
952 2298 1044 2375 puer'

107 2396 198 2466 nobis¹
224 2409 329 2474 natus,
362 2400 411 2463 ille
433 2399 550 2462 Gideon
583 2401 778 2464 abbreviator
804 2408 835 2464 et
858 2401 1024 2488 praevisor.

10 2507 17 2515 “
107 2509 164 2571 llio
185 2508 269 2570 ducit
290 2507 466 2569 exercitum.
492 2505 603 2591 ‘Quem
625 2515 656 2570 et
683 2509 805 2587 qualem
833 2507 1025 2570 exereitum?

100 2615 276 2699 ¹Apostolos
310 2618 340 2673 et
364 2611 449 2673 verbi
477 2611 633 2675 ministros
662 2630 717 2690 per
739 2613 845 2675 orbem
866 2619 1025 2683 terrarum,

25 2783 27 2787 .
105 2721 219 2800 quibos
252 2717 346 2782 armis
375 2719 561 2780 instructos?
602 2717 668 2780 Non
697 2720 814 2801 gladio,
845 2735 907 2780 non
938 2720 1025 2792 terro,

104 2844 165 2890 non
193 2825 331 2897 flamma,
365 2825 474 2886 aliisve
495 2821 587 2899 armis
616 2824 844 2901 corporalibus,
874 2831 910 2886 ut
941 2840 1026 2885 mun·

103 2935 176 2995 dum
198 2931 247 2994 his
269 2930 363 2993 armis
379 2929 530 3003 infestent,
551 2935 690 2991 evertant
711 2945 748 2991 ao
770 2928 901 2992 restent.
933 2931 1026 2990 Arma

104 3040 185 3100 enim
207 3037 331 3099 militiae
351 3042 490 3106 nostrae,
524 3034 621 3112 inquil
643 3032 772 3107 Paulus,
807 3025 1027 3097 oon'carnalia

103 3151 188 3217 sunt,
223 3125 283 3206 sed'
302 3141 438 3220 potentia
458 3141 522 3202 Deo
551 3146 608 3202 eto.
652 3139 817 3203 Militamus
845 3140 974 3218 quidem
997 3142 1025 3201 in

41 3231 43 3237 ¹
102 3265 203 3323 earne,
226 3249 281 3311 sed
298 3265 357 3310 oon
373 3264 428 3324 per
449 3262 569 3308 carnem
587 3232 821 3308 autcarnalit'erss
855 3246 889 3306 ln
914 3262 1025 3325 pecce-

100 3357 141 3419 tis
164 3353 288 3434 quldem
313 3352 383 3417 ¹nati
417 3368 541 3425 sumus,
575 3350 630 3412 sed
664 3351 768 3432 vo'oali⁸
799 3351 1032 3431 inexercitum.

100 3460 193 3538 hujus
207 3460 304 3534 ducis,
325 3456 400 3520 nihil
424 3444 669 3520 alludhabemus
691 3464 722 3519 et
743 3462 912 3534 gestamus·
930 3474 1023 3536 quam

101 3566 192 3637 tubas
225 3574 255 3627 et
276 3566 307 3626 in
335 3565 423 3626 lestis
443 3564 622 3634 lucernam.
656 3560 945 3642 oonlringimusque
981 3571 1024 3625 le·

98 3672 207 3744 stolas,
228 3670 289 3733 hoo
310 3677 371 3743 est,
393 3669 525 3747 tollimus
547 3684 683 3741 erucem,
705 3673 736 3729 et
756 3667 890 3744 subjecti
913 3680 1023 3733 samua

99 3773 335 3874 elilietiooibua‚
356 3773 469 3860 quibos
490 3789 598 3839 omues
620 3773 661 3854 pil
682 3766 875 3840 exercentur.
1030 3772 1032 3777 '
