2258 4170
418 187 484 270 (lap.
504 186 534 256 9.
555 189 664 253 Esaiae.
743 214 745 223 ¹
846 252 848 256 Α
952 176 1016 251 383

106 389 168 439 non
191 379 240 436 est
260 371 370 435 bellum
392 371 560 461 sublatum,
592 369 647 433 sed
683 368 763 446 apud
794 373 824 430 et
851 355 934 443 inter(
946 364 1030 444 pios·
1104 437 1110 454 Ι

106 484 224 541 tantum
243 485 290 542 est
310 477 471 541 sublatum.
515 476 629 540 omues
649 472 809 539 christiani
830 484 938 536 samus
959 471 1021 533 fide
1086 469 1089 487 '

107 598 203 646 unum
229 596 353 661 corpus,
374 580 542 667 Ephesi,
565 580 581 644 t
606 578 738 645 corinth.
760 575 821 654 12,
835 576 891 642 sed
913 589 1024 640 secun·

108 690 181 753 dum
195 704 339 777 ,corpus
360 680 452 766 tquod
481 687 733 760 circumferimus,
757 684 887 762 subjecti
912 692 1022 746 sumus

105 796 252 872 potestati
273 802 304 856 ct
316 795 409 857 rebus
428 792 569 872 politicis.
595 791 740 866 Ecclesia,
761 802 887 869 regnum
900 782 1020 861 christi,

105 916 237 962 concors
271 906 302 961 et
336 899 486 962 unanimis
515 908 564 961 cst
594 914 650 978 per
685 898 795 967 omnia.
837 895 868 956 lu
897 895 1031 972 politico-

106 1019 203 1082 regno
218 1002 311 1066 ‘aliter
331 1022 366 1066 se
386 1020 437 1067 res
458 1003 561 1078 habet,
583 1012 611 1066 ct
633 1013 725 1077 secus
746 1002 848 1087 omnia
869 1004 1020 1078 geruntur,

105 1126 200 1189 quam
230 1111 259 1171 in
291 1110 341 1172 illo
370 1107 527 1189 spirituali.
575 1110 608 1172 ln
629 1109 679 1172 his
702 1111 790 1171 ternis
810 1109 887 1168 inter
908 1105 1020 1185 impios
1050 1187 1052 1191 y

105 1232 168 1279 non
190 1223 385 1294 potestesse
407 1224 437 1277 et
458 1221 599 1278 constare
628 1208 677 1277 itia
707 1226 781 1292 pax,
814 1221 940 1292 propter
964 1213 1021 1274 ima

103 1322 251 1400 pictatem
272 1319 440 1400 etvilagitia
460 1319 563 1383 mundi
585 1329 690 1389 contra
707 1319 812 1394 licum,
832 1327 867 1382 ut
888 1318 960 1380 dlxi.

192 1426 266 1490 Guru
287 1438 360 1504 crgo
382 1429 479 1490 simus
501 1427 670 1490 secuudum
691 1433 848 1489 externum
866 1422 1020 1488 bominem

105 1534 170 1596 sub
191 1531 384 1610 magistratu,
417 1545 547 1595 necesse
575 1540 622 1595 est
648 1540 764 1610 parere
784 1531 891 1594 edictis
922 1530 1021 1609 magi·
1088 1538 1093 1546 “

104 1647 231 1712 stratus,
252 1645 282 1700 ct
302 1639 332 1699 iu
345 1637 457 1700 bellum
479 1633 741 1716 etiamproilcisct,
763 1637 790 1701 si
811 1637 850 1699 slt
866 1653 960 1715 opus.
986 1621 1033 1718 Ιη’

105 1746 288 1808 oeconomia
310 1758 416 1820 agrum
439 1758 632 1832 exercemus,
654 1745 777 1807 domum
806 1742 1020 1820 gubernamus,
1068 1824 1070 1829 Ι

104 1852 249 1913 familiam
270 1851 413 1927 regimus.
442 1848 508 1913 liae
527 1837 732 1912 ordinationes
753 1847 875 1913 divinae
896 1849 1020 1929 quidem
1084 1834 1086 1841 ’

106 1965 186 2029 sunt,
209 1956 264 2018 sed
277 1963 376 2017 tamen
389 1962 540 2017 externae.
566 1956 632 2018 Non
646 1957 772 2034 pertinet
785 1955 964 2020 oeconomia
981 1955 1019 2018 ad

105 2078 234 2139 regnum
256 2063 404 2134 coeleste,
433 2060 489 2123 sed
510 2069 610 2123 tamen
632 2077 669 2123 ea
691 2059 770 2140 opus
792 2066 854 2135 est,
876 2061 947 2124 dum
969 2061 1020 2122 hic
1074 2117 1076 2122 .

107 2167 250 2236 vivimus.
293 2168 344 2228 Sic
372 2173 402 2229 et
427 2168 558 2244 politicis
588 2167 828 2230 ordinationibus
854 2184 934 2245 opus
962 2174 1019 2241 est,

107 2273 210 2352 lisque
231 2274 399 2335 secuudum
421 2282 577 2337 externum
590 2272 743 2336 hominem
758 2289 866 2336 sumus
879 2273 1018 2350 subiecti.

139 2396 142 2399 ·
188 2378 354 2456 Diligenter
375 2386 404 2441 et
425 2377 588 2457 prudenter
607 2377 685 2441 haec
705 2387 776 2442 sunt
795 2379 1018 2457 distinguenda.

107 2483 168 2545 le
190 2483 270 2544 enim
293 2482 455 2560 prohibere
477 2501 658 2564 possumus,
680 2485 876 2564 quantumvis
898 2500 1019 2548 summo

53 2642 55 2650 ,
107 2590 210 2652 studio
232 2589 262 2650 in
283 2587 344 2651 hoc
366 2590 594 2665 incumbemus,
616 2607 654 2653 ne
680 2593 802 2671 politica
822 2600 851 2654 et
873 2592 1019 2653 ecclesia-

103 2696 183 2758 stica
205 2695 389 2758 misceantur
410 2704 439 2759 et
467 2697 693 2760 contundantur.
734 2697 818 2776 Papa
844 2697 1021 2776 perrumpit,

102 2800 220 2863 nullum
249 2799 300 2862 hic
328 2800 490 2864 discrimen
519 2804 602 2874 lucit,
642 2803 698 2864 sed
726 2810 869 2881 tauquam
898 2815 1019 2881 coquus

102 2905 200 2966 multa
211 2904 281 2980 jura
294 2905 411 2980 miscet,
433 2896 600 2982 contundit,¹
617 2906 772 2987 perturbat
789 2914 819 2969 ct
834 2906 1020 2981 interturbat,

102 3011 237 3103 dissipat
258 3019 289 3073 et
308 3013 416 3074 evertit
437 3016 546 3078 omnia.
588 3011 625 3074 Et
643 3014 767 3091 ‘egregie
785 3013 951 3092 respondet
968 3010 1020 3076 hic

101 3116 218 3177 nomini
247 3132 313 3179 suo.
354 3116 437 3180 Dixit
457 3118 536 3181 enlm
558 3116 697 3182 Christus
717 3116 823 3181 Matth.
844 3115 900 3182 tt:
942 3106 1017 3182 Eum

100 3236 179 3283 esse
213 3221 467 3284 abominationem
481 3289 484 3303 Δ
500 3220 710 3297 desolationis,
744 3223 921 3302 significans
948 3238 1017 3288 euru

100 3334 307 3401 vastaturum,
331 3326 572 3420 laedaturnmet
601 3331 788 3394 turbaturum
801 3330 1019 3394 miserabiliter
1106 3316 1108 3320 ⁴

100 3432 248 3509 politiam,
263 3435 482 3508 oeconomiam,
498 3443 528 3497 et
539 3436 700 3499 ecclesiam
712 3437 802 3498 novis
814 3436 1018 3514 dogmatibus,

100 3537 353 3615 baptismatibus,
374 3537 516 3603 humanis
529 3530 756 3617 traditiunculis,
777 3540 896 3605 ficticiis
915 3550 945 3605 et
962 3545 1018 3604 im·

102 3641 168 3719 piis
204 3642 335 3708 cultibus
363 3646 558 3724 propriisque
586 3644 710 3722 justitiis
740 3644 845 3710 contra
865 3641 1016 3712 Christum
1098 3660 1101 3677 ¹

100 3752 135 3809 et
156 3747 347 3828 euangelium
369 3751 437 3827 ejus
458 3753 588 3815 invectis
614 3759 645 3814 ct
665 3750 865 3834 scommatis,
896 3752 1018 3833 subjec·
1044 3824 1047 3829 ,
1101 3736 1107 3754 χ
