2258 4170
24 210 29 217 .
107 155 197 224 400·
275 116 347 151 '⁸
424 129 945 255 Enarraliouber‘roxrmn-s'
1046 218 1051 225 .

112 306 175 402 hae
208 341 293 402 scala
328 343 440 416 utaris,
474 360 531 425 nec
559 341 751 422 majestatem
783 331 866 405 illam
899 347 1010 408 sanun

14 438 24 449 ⁸
106 429 215 485 lenies.
300 464 303 468 ⁴
625 446 628 451 “

160 561 164 565 ·
189 529 383 608 Philosophi,
414 533 581 610 praecipue
610 531 773 605 Platonici,
802 532 899 593 multo
921 530 957 592 de
976 533 1011 594 di·
1039 516 1043 523 ¹

42 630 47 639 '
106 635 463 727 ciuitateimaginantur,
485 638 643 717 quomodo
664 637 748 708 Dens
770 627 923 711 elimans
933 653 1013 714 qnae
1049 668 1053 689 ι

42 805 46 815 ,
104 743 185 814 dam,
208 758 288 820 quae
310 744 458 818 gubernet
480 744 642 817 mundum,
674 750 706 805 et
735 749 835 806 cansa
865 744 906 805 sit
927 747 1013 808 omnis

103 849 175 910 boni
199 850 227 911 in
250 856 366 910 natura.
396 849 456 911 Sed
480 850 601 910 taudem
623 851 768 927 volentes
783 849 1014 926 essesapieutes

106 955 195 1017 stulti·
213 954 371 1015 lactisunt.
403 953 511 1015 Omnia
528 952 620 1026 enim,
642 954 861 1033 quaedelleo
879 954 1015 1027 dixemnl,
1044 1034 1049 1045 1

105 1074 229 1136 semper
250 1059 468 1135 vertiginosam
498 1048 651 1138 quandam
679 1050 933 1136 imaginationem
952 1063 1015 1122 resi·

106 1164 202 1242 piunt.
245 1164 281 1225 El
301 1165 339 1224 in·
352 1164 413 1245 irae
431 1157 527 1242 jparte
555 1164 731 1244 prolixe'et
762 1165 889 1243 egregie
911 1166 1015 1231 stolidi-

99 1275 193 1332 tatem
225 1278 256 1331 et
276 1268 479 1332 insulsitatem
507 1286 594 1334 suam
625 1269 765 1348 prodidit
797 1275 864 1332 tota
891 1269 1016 1349 philoso

105 1375 236 1455 phorum
258 1377 350 1439 natio.
394 1376 532 1440 Necesse
558 1377 650 1441 eninr,
664 1372 720 1439 luit
741 1358 798 1439 eos
820 1376 914 1438 obrui
935 1378 1034 1454 maja.

79 1519 82 1526 -
110 1489 204 1561 state.
233 1484 280 1545 sic
300 1490 343 1544 nt¹
356 1482 512 1545 amiserint
533 1484 656 1554 Deum,
673 1488 865 1562 quaerentes:
889 1489 922 1544 et
941 1498 1017 1545 scm·
1049 1554 1053 1561 ,

103 1573 203 1650 lantes
225 1588 330 1651 Deum.
354 1587 576 1653 ‘occurrerunt
607 1575 694 1659 ¹e'nlm
716 1587 786 1656 illis
824 1588 1017 1667 quaestiones

106 1696 214 1775 rationi
244 1694 490 1773 inexplicabiles,
525 1685 622 1774 quare
652 1695 699 1756 sic
726 1695 819 1756 iaciat
841 1693 950 1756 Deus?
982 1694 1020 1756 sie

30 1806 34 1823 ²
106 1796 250 1863 mundum
271 1790 467 1877 regentem.
492 1801 638 1863 >Ratione
665 1802 859 1866 conabantur
880 1800 1020 1876 indagare

89 1915 136 1976 ,et
152 1907 413 1986 comprehendere
427 1906 550 1990 modum
563 1908 800 1983 gubernationis,
821 1921 909 1986 quae
922 1905 1021 1968 rationi

105 2029 167 2075 non
189 2019 238 2075 est
258 2020 472 2079 consentanea.
505 2012 641 2090 ideoque
663 2029 719 2077 eos
739 2013 770 2074 in
792 2029 853 2075 sna
875 2008 1024 2090 sapientia

106 2120 246 2182 inlatuari
268 2135 398 2181 necesse
419 2119 482 2191 luit
684 2110 688 2117 ’
1058 2194 1061 2199 ,

188 2227 234 2297 Tu
256 2241 344 2298 vero,
379 2226 431 2302 qui
461 2223 628 2301 impingere
649 2208 709 2286 non
729 2209 799 2296 vis,
827 2206 1037 2305 apprehende

18 2345 19 2348 ’
109 2332 239 2411 primurn
261 2333 421 2409 parvulum
444 2328 538 2403 illum,
558 2310 614 2391 nec
636 2330 675 2392 ab
698 2344 736 2392 eo
757 2332 868 2392 oculos
893 2328 1025 2395 deflecte

109 2437 221 2501 cresce
243 2454 311 2501 cum
334 2454 371 2500 eo
386 2444 577 2521 ,elangesce
599 2452 636 2496 ac
651 2443 679 2497 te
690 2433 801 2498 exerce
818 2438 849 2514 in
871 2435 1026 2507 fideillius,

107 2520 178 2606 lanc
200 2543 338 2605 invenies
360 2543 472 2614 Deum,
496 2547 566 2603 tunc
588 2541 742 2604 dissolves
766 2557 878 2605 omnes
902 2541 1024 2618 praede·
1059 2622 1061 2627 Ι

6 2685 34 2732 9
81 2676 87 2682 ·
105 2650 278 2711 minationis
301 2648 507 2728 quaestiones,
529 2662 610 2724 quae
624 2647 771 2729 xoccidunt
791 2648 951 2710 carnalem
974 2646 1021 2709 ho·
1048 2628 1061 2659 Ἰ

107 2757 226 2817 minem.
254 2754 345 2819 ..Cum
367 2754 502 2816 senseris
525 2751 578 2813 tibi
601 2754 722 2831 plaeere
743 2753 853 2828 filium,
869 2732 1042 2838 cum-de-¹

71 2934 74 2941 ¹
105 2863 227 2924 lecturis
248 2863 276 2923 in
299 2879 351 2936 eo,
385 2860 467 2939 quod
491 2860 544 2921 tibi
558 2861 713 2936 parvulus
735 2832 838 2922 lactus
859 2868 926 2934 est,
960 2875 1020 2921 cum

105 2985 209 3031 amare
231 2960 479 3055 enm'ccepe'ris,
508 2953 586 3028 'lunc
614 2964 733 3028 confide
755 2973 786 3027 et
807 2973 895 3028 certo
918 2973 1020 3040 statua

4 3105 15 3153 χ
103 3081 134 3136 te
156 3091 228 3136 esse
250 3068 288 3135 de
310 3090 436 3137 numero
453 3073 616 3150 iustorum,
639 3079 669 3132 et
690 3068 781 3150 quern
798 3079 889 3165 pater
905 3074 1027 3133 uexerit

105 3197 165 3242 non
188 3186 285 3241 tractu
298 3179 520 3259 metaphysica,
543 3195 598 3256 per
607 3178 814 3243 revelationes
830 3185 862 3239 et
880 3176 1021 3240 visiones.
1059 3220 1061 3227 ,

91 3272 316 3375 'singularibus
340 3287 424 3347 enim
447 3284 505 3348 illis
533 3278 820 3356 illuminationibus,
849 3278 1023 3346 ecstasibus
1051 3282 1061 3293 ''

65 3387 73 3394 ”
103 3392 341 3476 ειλνίεἰοηίὴεε,
375 3392 482 3469 quales
514 3386 717 3453 revelationes
738 3399 769 3453 et
789 3388 1023 3455 illuminationes

102 3495 277 3559 habuerunt
298 3498 463 3576 aliqnando
484 3497 648 3578 monaehi,
669 3497 945 3567 noncredendum
971 3505 1023 3561 est

60 3657 64 3675 ,
104 3602 250 3666 Diabolus
273 3592 411 3693 istarum*
427 3622 528 3677 rernm
556 3606 687 3668 omniurn
720 3605 817 3684 s‘aepe
839 3613 891 3667 est
912 3613 1024 3679 auctor,

102 3719 132 3775 et
153 3719 208 3774 est
221 3719 281 3776 lam
303 3720 413 3792 potens
445 3715 589 3803 spiritus,-
615 3696 648 3780 ut
669 3715 757 3780 lacile
779 3718 884 3795 possit
905 3721 1025 3801 operm
1049 3699 1057 3709 ⁸
