2258 4170
362 194 367 199 α
401 112 517 194 (inpii.
538 116 649 176 nsum
690 141 694 195 j
920 110 984 178 321

33 336 43 345 -
86 310 115 359 uc
129 294 358 373 sapientissime
377 294 503 358 rationis
530 311 587 360 scu
614 294 772 359 homiuum
792 295 984 375 sapientissi-

87 418 187 466 nnrum
210 402 338 465 consiliu
358 408 390 462 et
408 403 505 478 leges.

151 508 239 569 Retio
277 508 442 569 maximum
473 494 505 569 et
534 504 757 568 inaestimabile
788 513 838 569 eet
869 506 984 570 denunt

10 604 24 645 ἶ
85 616 213 687 lisinec
234 629 288 685 ee,
310 624 389 691 quse
410 613 440 673 in
461 613 555 674 rebus
569 611 712 674 humenis
733 612 889 690 supienter
909 626 984 676 eon·

84 719 166 785 stituit
185 725 216 781 et
232 708 365 791 invenit,
395 717 617 780 contemnende
639 724 720 782 suut
762 717 796 779 Si
816 718 857 780 ed
878 725 987 781 votum
1067 740 1099 789 ¹,

21 812 25 835 ²
81 823 306 891 etscntentiem
338 824 443 887 'omnin
464 823 677 897 succederent,
704 821 732 885 si
758 822 886 886 consilis
916 822 986 901 ejus

14 950 21 959 ·
78 940 132 995 tem
152 930 277 992 feliciter
296 945 333 991 ec
353 929 433 992 bene
454 929 606 1002 caderent,
627 944 720 1008 quem
743 934 815 991 sunt
828 929 984 1007 sapienter

10 1019 12 1023 ¹
74 1052 111 1098 se
129 1036 291 1114 prudenter
310 1035 460 1112 cogitate,
492 1042 556 1096 tum
578 1050 655 1097 sene
674 1051 819 1112 magnum
840 1042 872 1096 et
893 1048 985 1113 pree·

70 1143 182 1203 ciuium
204 1139 350 1220 quiddam
372 1147 551 1217 praestaret.
582 1140 686 1203 Potest
705 1155 801 1218 regne
821 1147 852 1202 ct
871 1154 983 1217 respu-

68 1246 167 1309 biices
198 1246 343 1317 condere,
374 1245 495 1321 legibus
521 1245 645 1308 utilibus
680 1262 718 1308 ee
739 1244 841 1328 sepire
868 1252 899 1309 et
919 1252 983 1308 stu·

64 1348 171 1425 biiire,
202 1351 293 1414 bonis
320 1349 471 1422 consiliis,
506 1328 895 1429 satutarinm'prnecepus
916 1367 985 1415 mc·

62 1454 220 1521 detenet
248 1455 432 1534 gubernare,
463 1457 558 1517 multe
590 1457 802 1534 praescribere
832 1457 873 1520 ed
910 1472 984 1519 eon·
1052 1433 1060 1453 ⁸

60 1561 272 1626 servationem
312 1559 621 1640 rerumpnbiieerum,
664 1570 697 1624 et
731 1561 890 1625 societatis
924 1561 983 1624 bu·

59 1680 177 1730 munes
210 1667 382 1730 utilissime.
425 1665 487 1729 Sed
520 1674 621 1730 temen
652 1684 713 1730 non
747 1684 870 1746 semper
901 1667 984 1730 ilius

61 1773 196 1836 consitis
216 1773 399 1845 succedunt,
430 1778 554 1835 nectet
591 1781 716 1852 umque
745 1773 931 1837 salutaribus
952 1779 984 1837 et

63 1879 191 1941 acribus
212 1877 334 1956 legibus
346 1879 441 1940 munit
462 1879 585 1955 politius
607 1893 759 1955 ecregnu,
779 1886 814 1941 ut
835 1879 865 1942 iu
880 1877 982 1940 officie

64 1984 226 2063 improbus
248 1985 403 2046 continere
423 1984 540 2061 pessit,
573 1991 607 2047 ut
638 2000 698 2046 non
726 1984 821 2047 multe
846 1983 983 2063 quetidie

65 2088 293 2162 desiderentur,
315 2096 428 2151 utnon
450 2104 546 2168 seepe
573 2093 725 2168 peccetur.
768 2088 889 2168 Optime
910 2105 984 2153 eun·
1083 2154 1086 2163 ,

64 2195 135 2257 sitin
163 2212 274 2273 saepe,
288 2195 318 2256 in
346 2195 502 2259 diversum
530 2203 561 2257 et
587 2196 772 2259 contrarium
794 2194 922 2270 cedunt,
954 2197 983 2258 si

61 2301 201 2374 udonis,
222 2299 357 2380 inquam,
379 2301 508 2364 consiliu
529 2317 712 2365 successum
734 2281 905 2364 secundum
925 2299 983 2363 be-

61 2405 185 2478 berent,
218 2414 281 2468 tum
310 2422 386 2469 sene
416 2405 555 2480 heberet,
582 2407 665 2486 quod
696 2408 888 2484 gloriaretur,
910 2423 982 2470 eurn

62 2504 168 2574 eutem
189 2518 255 2572 tem
285 2526 372 2574 rsros
393 2511 529 2581 hebesnt
554 2513 635 2575 illins
656 2512 748 2575 etiem
769 2511 885 2590 optime
907 2528 981 2576 con·

62 2612 135 2679 silis
156 2631 339 2690 successus,
367 2619 421 2678 iux
442 2618 563 2696 quidem
584 2623 634 2681 est
652 2618 745 2690 ratio,
766 2617 824 2680 sed
844 2620 897 2681 iux
918 2634 980 2681 nnn
1094 2633 1096 2637 ·

61 2723 181 2784 lucens.

93 2854 100 2863 ··
143 2825 297 2907 ,Quemvis
326 2834 427 2889 sutem
449 2828 479 2888 in
500 2843 558 2890 suo
590 2816 702 2904 genere
723 2827 764 2890 sit
783 2829 850 2904 lux,
880 2821 982 2892 temen

63 2930 117 2992 hic
138 2948 158 2992 s
178 2931 331 3011 prophete
351 2932 429 2994 hece
448 2933 502 2995 lux
522 2942 650 2995 vocetur
672 2934 825 2996 tenebrae
866 2932 983 3014 Estque

63 3052 175 3099 revere
198 3037 236 3099 ed
257 3022 420 3099 coetestem
441 3036 521 3099 illem
550 3039 650 3101 lucent
672 3041 783 3103 cctlets
808 3039 886 3102 rntin
909 3039 982 3101 nibil

65 3142 147 3204 eiind
170 3158 264 3220 quem
285 3158 389 3205 meree
409 3143 569 3217 tenebree,
605 3152 636 3207 et
666 3145 764 3222 caiigo
785 3145 980 3216 densissime,

41 3232 126 3310 'bec
146 3254 203 3320 est,
224 3246 299 3309 nibil
320 3236 375 3326 per
402 3264 439 3312 se
466 3248 602 3326 inteiligit
629 3250 719 3312 istius
741 3250 907 3329 spiritualis
929 3266 982 3313 se·

65 3351 491 3432 pientiaejustitiueetpecis.
513 3355 596 3430 Qnee
605 3355 646 3417 sit
653 3354 709 3416 Dei
719 3371 792 3433 erge
803 3373 862 3419 nes
875 3358 983 3420 velun.-

64 3468 122 3531 tes,
145 3466 230 3521 certe
239 3461 424 3523 constituere
444 3477 504 3522 nen
525 3467 634 3541 potest,
657 3463 799 3538 quaesit
820 3478 894 3525 vere
909 3478 980 3541 pax,

65 3581 151 3646 quue
174 3581 248 3628 vere
269 3582 372 3630 cerum
392 3567 457 3628 Dec
480 3565 614 3643 iustitie,
644 3580 705 3629 nun
731 3568 825 3630 novit
866 3567 899 3629 ln
929 3567 981 3631 bis

59 3672 199 3736 tenebris
222 3678 254 3735 et
273 3668 382 3735 iudaei
403 3679 434 3734 et
454 3678 563 3751 gentes
582 3672 752 3746 ambulent,
771 3680 805 3736 ut
825 3673 979 3756 scripture
