2258 4170
100 174 163 242 356
192 258 196 263 .
244 214 246 221 ι
391 176 395 183 ’
422 144 572 252 ltnerretio'
589 132 703 234 uberior

101 354 303 419 ministerium
325 354 523 417 ministerium
546 354 653 418 mortis
676 358 707 438 et
724 349 937 421 damnationis,
949 349 1001 416 hoe

100 458 232 527 nonde
264 461 407 524 humanis
441 467 494 522 ant
523 459 601 536 juris
634 454 895 549 legibus,aocepi
919 454 998 521 debet

101 569 168 633 Non
191 576 262 631 sunt
281 567 361 629 haee
371 566 503 642 iuridiea
522 573 553 627 et
572 564 717 628 humana.
749 553 865 624 Junsta
885 576 943 622 non
959 561 998 625 de
1013 582 1029 659 ,ᾖ

101 674 155 736 bet
175 674 300 754 (linere,¹
317 674 400 751 quod
422 673 508 750 leges
521 671 675 735 humanae
697 675 832 747 augeant
852 673 996 744 peooatnn,
1027 674 1029 679 '

102 777 163 840 hoe
182 786 299 840 tantum
321 779 422 840 locum
444 776 539 839 habet
559 776 589 844 in
610 785 738 839 veraet
759 772 883 837 sublimi
903 770 995 839 theolo-
1023 774 1029 859 :⁴¹

102 885 166 961 gia,
182 884 240 946 ubi
262 885 358 946 scitur
379 885 452 964 quid
475 885 515 946 sit
537 872 741 953 conscientia,
765 879 840 959 quid
861 879 924 952 lex,
942 877 1029 957 qn't'¹

10 1005 14 1014 ¹
102 997 278 1067 peecatum,
307 991 498 1069 quidnam.
539 987 655 1085 inhoe
682 985 992 1066 loooditlturlenty-

78 1092 82 1099 '
102 1112 217 1159 rannus
237 1102 270 1157 et
290 1104 437 1160 exactor:

185 1203 251 1264 Non
273 1196 374 1264 tamen
402 1209 549 1280 tyrannus
571 1210 603 1264 et
623 1209 751 1265 exactor
772 1206 820 1262 est
842 1212 900 1260 eoa
919 1200 989 1277 culpi,

103 1310 158 1372 sed
180 1316 287 1372 nostra
307 1311 406 1387 eulpa.
435 1308 499 1373 Nos
520 1309 601 1372 enim
615 1323 724 1390 sumus
745 1307 780 1381 ¹in
798 1288 989 1385 peccantem

104 1417 183 1494 cepti
205 1412 235 1479 et
258 1415 330 1488 nati,
352 1432 389 1477 ae
409 1415 589 1492 inpeccatis
604 1414 747 1487 vivimus,
769 1418 925 1490 peecatum
938 1427 989 1475 ntro

104 1522 244 1585 accondit
263 1524 328 1596 lex,
345 1528 382 1584 et
403 1537 443 1583 ex
463 1528 593 1599 peceato
606 1506 782 1582 inflammat
793 1526 835 1581 et
849 1516 945 1579 ardere
959 1520 989 1581 lt·

103 1628 143 1690 eit
170 1628 332 1702 intemnm,
363 1626 426 1690 hoe
453 1636 516 1702 est,
553 1627 625 1689 lacit
652 1610 814 1706 peecatum
842 1625 999 1713 excellente

104 1733 359 1811 peecanemom.
379 1731 409 1806 i,
432 1739 462 1795 et
477 1733 676 1830 quantumvis
698 1750 829 1813 parvum
842 1732 891 1806 ‚sit
909 1746 990 1808 petat·

71 1890 74 1895 .
103 1848 183 1913 tum,
218 1830 460 1914 atrocissimum,
495 1839 712 1916 gravissimum
741 1847 772 1902 et
793 1836 990 1909 maximum-lt

105 1962 175 2007 eum
196 1947 282 2010 lex
274 1965 304 2009 m
332 1947 363 2008 id
385 1945 491 2009 sulllat
512 1954 544 2009 et
563 1946 595 2008 io
616 1952 792 2023 exaggerat
836 1946 900 2022 Quo
919 1943 990 2021 mag'o

104 2060 264 2126 peecatum
293 2050 489 2122 agnoscitur,
517 2066 555 2112 eo
585 2051 707 2133 magis
714 2069 773 2114 nos
799 2045 993 2132 torquete
959 2049 993 2115 Sit

24 2220 27 2228 ,
104 2152 260 2216 homicida
280 2153 434 2231 pallescit,
451 2161 492 2215 et
514 2171 575 2232 qno
598 2156 696 2235 magio
719 2158 861 2232 agnoseit
880 2164 909 2218 et
927 2157 991 2217 inim

105 2259 197 2337 spicit
218 2257 285 2335 ejus
307 2260 451 2333 iocinoris
464 2261 670 2333 atrocitatem,
692 2277 730 2344 eo
752 2263 854 2338 magis
874 2261 991 2339 palleret

104 2364 157 2436 Sic
179 2365 280 2426 omnia
301 2374 430 2442 peecata
451 2375 543 2445 auget
563 2369 625 2440 lex,
648 2367 807 2431 deducens
828 2384 886 2430 nos
906 2367 993 2444 inpet-

106 2477 243 2532 entorum
274 2472 458 2546 agnitionem
480 2475 666 2565 peritiorem.
709 2474 777 2536 Non
798 2480 902 2552 potest
921 2479 994 2534 auten

35 2602 37 2607 v
104 2575 200 2639 homo
213 2592 274 2637 non
291 2578 362 2652 angi
384 2578 494 2651 animo,
516 2581 570 2642 ubi
584 2581 761 2642 foeditatem
778 2589 814 2642 et
835 2577 995 2642 atrocitatem

104 2688 302 2772 peecatorum
323 2683 452 2759 propius
473 2694 504 2746 et
524 2679 662 2766 penitius'
678 2687 874 2764 introspexit,
896 2692 925 2748 et
943 2670 995 2746 liri

13 2769 17 2775 ’
104 2784 159 2856 Dei
178 2785 294 2862 jnstam
315 2793 422 2850 eontra
443 2801 610 2867 peecatum·
625 2794 779 2870 cognovit.
803 2834 810 2842 «
852 2866 863 2887 s

74 2882 79 2897 '
127 2932 131 2943 ·
187 2892 240 2955 Sic
260 2890 293 2951 lit
314 2891 365 2953 lex
382 2896 533 2972 camilon,
549 2906 674 2963 exactor
693 2887 890 2979 altmannus
912 2906 1001 2971 notter,

58 3000 63 3006 '
107 3000 163 3063 sed
184 2998 224 3059 ad
246 3005 385 3074 tempus,
407 3017 466 3062 non
489 3005 737 3084 inperpetuum,
758 3006 922 3083 sceptrum
942 3004 1002 3066 enin

18 3172 20 3176 .
106 3104 260 3169 exactoris
277 3104 461 3180 confregisti,
483 3106 580 3186 inquit
596 3112 755 3190 propheta.
788 3100 849 3173 Lex
871 3127 927 3188 per
938 3109 1004 3171 Chri

105 3220 185 3275 ntum
207 3215 256 3272 ast
270 3209 392 3271 sublata
403 3230 492 3288 nuno,
513 3234 580 3279 non
597 3225 695 3280 tamen
711 3218 865 3289 omnibns,
888 3217 945 3279 sed
963 3232 1006 3293 po·
1027 3268 1029 3277 .

67 3326 72 3333 '
106 3319 177 3396 pulo
208 3314 260 3394 qui
293 3316 393 3376 lucem
423 3320 515 3382 videt.
557 3325 615 3386 Hie
642 3324 818 3402 populosa
846 3323 945 3384 tribus
963 3323 1014 3383 illl'

106 3421 335 3492 immanissimis
362 3428 515 3502 tyrannis,
546 3438 689 3509 peccato,
717 3435 817 3490 morte
842 3434 875 3489 et
903 3427 1010 3504 legali

104 3535 228 3598 beratus
250 3552 298 3605 est
321 3540 376 3607 per
390 3529 553 3611 Christum,
575 3535 683 3598 horum
703 3533 840 3597 hostium
864 3534 1011 3597 victorem.

103 3706 105 3710 ,
157 3653 160 3658 “
187 3647 249 3710 Lex
265 3657 366 3711 tamen
387 3663 449 3709 non
474 3647 521 3706 sie
535 3643 656 3706 sublata
672 3640 795 3717 intelligi
811 3640 911 3714 debet,
933 3639 1015 3718 qnasi

105 3753 257 3816 moraliter
277 3748 350 3817 n'ihll
371 3752 563 3822 laciendum,
583 3746 680 3829 quasi
693 3762 774 3810 nune
785 3747 948 3825 exlegibus
968 3763 1016 3809 no·
