2258 4170
514 138 625 234 Maec
702 106 705 111 ³
813 222 816 227 .
933 161 1022 231 “41

109 355 269 432 patenum,
318 354 547 416 invocationem
587 358 776 425 sauctorum,
815 350 1041 443 apparitiones¹
1091 400 1116 440 ,Ι

55 438 59 451 ’
112 457 297 531 daemonum,
322 469 352 522 et
375 460 434 521 alia
456 465 595 538 portenta
617 475 739 536 semper
760 457 800 520 ob
823 459 1024 528 malesuasa,
1080 541 1084 551 1

114 577 143 630 ut
162 544 280 629 animus
315 566 387 629 odio
416 574 586 644 occupatus
618 582 678 627 nou
694 565 809 633 ¹redeat
826 564 869 624 ad
891 563 1023 653 priorem

120 676 302 753 mpietatem.
342 671 388 735 Eo
416 672 498 734 euim
519 671 646 735 oonsiiio
668 670 791 737 Esaiam
815 685 941 748 quoque
962 669 1023 729 hoe

124 777 178 842 tino
197 794 435 842 commemorare
456 778 651 840 idoiatrarum
673 777 776 839 studia
804 775 961 846 videmus,
992 783 1022 835 et
1091 802 1095 811 ·

128 888 275 949 excitamur
296 885 400 957 simul,
437 885 471 947 ut
497 884 611 960 gratias
633 885 696 946 Deo
726 900 781 961 pro
812 899 932 945 summo
963 878 1036 969 hoa·

130 994 256 1055 beneficio
278 1009 423 1069 agamus,
458 991 542 1070 quod
560 1007 589 1051 a
609 996 693 1063 tanta
726 989 880 1067 impietate
907 986 1026 1051 liberati

132 1103 155 1162 iu
170 1100 309 1175 evangeiii
331 1100 430 1160 lucem
452 1097 581 1159 traducti
604 1113 719 1160 sumus.

103 1204 106 1209 ’
192 1205 316 1266 Notabis
338 1213 440 1266 autem
455 1206 538 1283 quod
559 1204 660 1265 addit:
683 1203 1046 1283 Amantissimapaorum

126 1288 187 1374 ¹sum
203 1310 289 1383 nihii,
326 1309 387 1372 hoe
408 1318 471 1382 est,
500 1312 615 1388 optima
636 1294 740 1372 eorum
762 1308 912 1388 opera*)‚
944 1328 1024 1387 quae

55 1416 64 1453 ²
110 1418 260 1480 «iaciuuin
273 1417 421 1491 idolatria,
445 1416 642 1478 sanctissima
664 1416 774 1490 studia,
796 1416 1025 1495 quibustribu-

58 1537 70 1555 ··
132 1532 172 1586 unt
190 1522 276 1584 vitam
297 1530 328 1584 et
350 1525 479 1585 satutem
501 1540 599 1595 auam,
620 1523 670 1583 iiia
692 1529 763 1584 suut
790 1522 873 1586 nihii.
916 1520 1031 1598 Quem

131 1631 272 1693 admodum
295 1635 399 1690 autem
422 1628 533 1691 Esaias
559 1628 638 1690 haee
662 1625 702 1689 de
723 1628 860 1691 iunianis
882 1630 930 1692 sui
953 1638 1028 1689 taun-

76 1798 79 1803 ,
128 1738 198 1814 poris
224 1736 315 1806 dieit‚'
351 1735 392 1796 ita
413 1753 470 1798 uos
502 1735 541 1796 ad
569 1743 674 1798 nostro
696 1745 833 1813 tempora
855 1752 1028 1796 accommo-

90 1876 94 1885 ·
127 1842 187 1903 dare
206 1839 284 1903 hune
304 1842 407 1902 loeum
428 1840 586 1913 debemus,
600 1842 683 1921 quod
707 1841 909 1919 pulcherrima
930 1858 1025 1917 opera

55 1954 77 2025 p·-
127 1955 256 2024 papatus,
278 1956 310 2009 ut
331 1934 405 2008 s‘nn't
423 1946 557 2019 missae,
590 1948 757 2020 orationes,
780 1956 868 2019 vota,
890 1949 1026 2020 castitas,

55 2038 61 2089 ἰ
125 2038 275 2132 paupertas
298 2061 359 2116 ate.
383 2069 443 2113 uon
466 2054 564 2115 sotum
581 2070 648 2134 xnou
667 2052 842 2130 justificent,
865 2055 944 2115 siout
966 2053 1024 2130 ipsi

107 2162 300 2246 opinantur„
320 2159 376 2243 sed
399 2159 542 2241 damnent
568 2159 659 2221 etiam
683 2176 719 2220 ac
741 2159 903 2238 perdant]‚
939 2162 1021 2238 quod

122 2267 291 2343 parumper
313 2281 349 2326 se
369 2265 438 2328 aiut
459 2266 552 2344 impia
574 2260 654 2328 sieut
674 2265 781 2340 missa,
801 2267 911 2343 partim
934 2284 1023 2344 prop

119 2380 157 2434 ter
174 2372 297 2450 impiam
322 2371 496 2448 opinionem
519 2372 664 2433 additam.
1055 2366 1057 2372 ’

197 2478 276 2554 [Non
309 2483 412 2537 autem
448 2478 628 2540 tormatores
657 2479 758 2539 solum
792 2479 967 2552 idolorum·
994 2488 1042 2541 et·

71 2568 90 2637 ’.
111 2601 200 2662 opera
222 2582 329 2645 eorum
352 2583 491 2655 damnat,
523 2584 579 2646 sed
609 2582 669 2645 hoo
697 2585 787 2644 etiam
817 2585 913 2655 addit,
942 2586 1025 2663 quod

55 2684 57 2691 ’
108 2700 200 2752 testes
223 2706 329 2751 eorum
360 2695 430 2750 eunt
458 2691 541 2750 caeci
573 2697 603 2750 et
624 2689 697 2750 nihii
720 2690 857 2761 videant,
887 2691 948 2752 hue
969 2700 1031 2765 est„

106 2797 186 2875 quod
211 2796 310 2859 omnis
333 2811 439 2855 eorum
460 2795 597 2885 doctrina
619 2812 714 2863 uana.
742 2796 855 2857 ineerta
877 2805 907 2858 et
934 2800 1038 2877 noxia,

103 2903 150 2973 sit,
171 2901 254 2963 sieut
270 2898 448 2978 Paulus**)
472 2902 563 2961 etiam
586 2899 672 2962 dicit:
688 2901 872 2963 Nascieutes
895 2905 934 2964 de
956 2908 1025 2982 qui·
1066 2932 1072 2945 a

103 3009 161 3069 bus
175 3006 338 3068 adinnent.
360 3006 623 3094 Hebraismusest
639 3007 742 3066 uidere
765 3026 820 3083 pro
838 3010 1025 3085 praedicare,
1088 3036 1091 3041 >

102 3115 226 3176 dooere.
271 3112 430 3173 Concludit
451 3113 540 3188 igitur
565 3119 595 3173 et
617 3113 799 3197 pronunciet
821 3115 859 3175 de
882 3117 1023 3179 ominibus

101 3218 308 3296 retigiouibus,
336 3225 366 3277 et
388 3218 514 3288 studiis,
548 3235 628 3295 quae
665 3227 736 3280 sunt
763 3227 850 3280 extra
879 3217 968 3277 iidem
993 3219 1022 3277 in

76 3312 271 3413 thasium,
295 3324 377 3401 quod
399 3322 469 3384 finis
490 3339 595 3385 eorum
618 3325 657 3385 sit
686 3327 835 3388 contusio.
879 3310 1022 3387 Miserum

100 3433 263 3509 igiturest
285 3436 328 3491 tot
360 3430 484 3491 labores
508 3431 627 3503 simite,
660 3438 703 3492 tot
737 3449 833 3508 opera
854 3432 1020 3504 instituere,

103 3625 316 3638 -u———-

170 3759 204 3824 ‘)
226 3757 314 3824 Opera
330 3729 504 3813 idoiatterum
521 3774 595 3814 naue
613 3725 641 3815 et
658 3762 738 3816 imita.
776 3764 824 3832 ¹⁸)
844 3764 866 3817 l.
886 3763 950 3817 Tim.
972 3765 994 3816 l.

417 4034 427 4067 i
