2258 4170
107 142 201 231 ιη’
423 161 706 251 montano

106 363 182 426 ergo
218 345 312 426 imino
351 348 542 428 apertionis
576 349 634 410 init
673 346 715 409 ori
762 342 1018 408 mortificetionnn

106 460 139 514 nt
168 452 393 515 mundationem
421 462 452 515 et
478 455 692 517 remissionem
722 457 929 530 pennatorum
961 468 1018 514 eor·

186 661 369 726 iioo'verbo
389 663 543 742 Propino
564 665 615 728 irio
642 667 739 728 utitor
761 670 794 724 et
826 661 971 723 transfert
985 663 1018 724 rt

105 784 209 830 rerem
240 767 455 846 aspersionem
482 769 607 844 christi,
645 774 729 834 sient
750 769 867 831 Petrus
904 766 934 827 in
968 783 1017 828 sno

103 874 235 952 epistole
254 875 475 953 interpretetur.
497 877 526 940 t.
546 877 624 941 Petr.
647 876 682 948 t,
703 877 824 938 Gentes
846 888 904 950 per
923 872 1016 935 orben

104 979 265 1058 dispersae
281 990 413 1043 voontne
431 991 504 1045 snnt
524 983 564 1044 nd
585 981 792 1044 obedientiam
806 976 851 1040 'et
873 980 1015 1056 aspersio

104 1099 174 1147 nom
198 1087 359 1163 unguinis
377 1087 454 1155 Jesn
475 1087 595 1160 christi,
615 1097 647 1149 et
667 1087 761 1148 Hebr.
785 1081 844 1156 12,
866 1084 1014 1146 necessis-

104 1189 145 1252 ris
166 1191 205 1252 sd
228 1200 360 1253 montem
383 1193 472 1265 Sion,
503 1202 534 1255 et
560 1193 598 1255 nd
622 1191 840 1270 aspersionem
868 1191 1012 1266 sanguinis

104 1294 180 1358 Jnsn
210 1295 322 1358 Christi
360 1299 468 1360 metius
501 1297 655 1376 loquentis
689 1302 783 1375 qum
819 1292 914 1368 Abel,
952 1297 1011 1374 qnio

103 1401 230 1477 sangnis
255 1379 334 1462 ribei
368 1404 480 1465 otomnt
507 1403 685 1473 vindictam,
717 1400 776 1463 sed
805 1400 885 1461 Jesn
914 1398 1011 1462 Christi

104 1522 199 1584 snper
219 1523 277 1567 nos
299 1522 449 1584 aspersus
469 1510 680 1571 remissionem
703 1512 906 1584 pennatorum
927 1512 957 1566 et
976 1506 1012 1566 vi·

104 1619 165 1672 tnm
187 1618 352 1674 aeternam.

183 1717 247 1778 isto
266 1719 408 1795 aspersio
429 1717 464 1780 flt
485 1718 651 1781 ministerio
674 1716 775 1785 verbi,
797 1716 928 1792 tingitur
946 1715 1010 1792 digi-

102 1829 153 1884 tne
180 1825 331 1900 sangnine
351 1822 463 1887 Christi
490 1831 521 1885 et
542 1824 696 1902 spergitur
716 1816 774 1884 ore‘
793 1837 893 1898 snper
915 1803 1013 1897 gentes

11 1933 17 1953 '
102 1943 159 2004 per
177 1935 275 1989 totum
307 1929 413 1990 orbem
446 1937 595 1991 terrarum
615 1928 794 2006 dispersos,
827 1925 891 1988 hoe
923 1927 1013 2001 modo,

103 2031 194 2094 oredo
204 2033 233 2093 in
247 2032 398 2096 Christum
411 2034 588 2097 crucifixum
600 2041 632 2096 et
644 2033 863 2096 resuscitatum
887 2048 908 2092 o
928 2040 1014 2094 morto

102 2147 228 2218 propter
248 2148 408 2218 pernotum
428 2149 458 2204 et
476 2140 623 2217 iustitiam
646 2148 744 2211 tuom,
775 2145 808 2202 et
828 2139 1014 2199 remittuntur

102 2244 156 2306 tibi
178 2255 305 2322 ponente
327 2254 387 2319 ton,
409 2254 443 2308 nt
465 2247 491 2309 1.
513 2245 628 2310 initi:
665 2244 801 2321 sangnis
814 2244 894 2305 Jesu
912 2241 1014 2304 Christi

102 2359 214 2427 purget
233 2367 291 2413 nos
313 2352 353 2412 nb
381 2353 522 2416 omnibus
544 2353 696 2430 ponentis:
739 2349 792 2411 Sin
813 2336 948 2426 spiritns
968 2364 1015 2425 per

56 2508 59 2515 .
103 2473 140 2518 os
168 2456 324 2518 insontium
352 2458 489 2534 aspergit
515 2465 642 2542 gentes;
674 2462 704 2517 et
732 2454 784 2534 qui
814 2461 1016 2532 asperguntur

103 2569 174 2624 nnnt
204 2561 302 2623 roneti
333 2577 388 2649 per
416 2563 627 2625 remissionem
649 2569 860 2641 peecatorum,
898 2565 931 2619 et
952 2573 1018 2644 pec-¹

103 2676 205 2728 netum
247 2668 383 2743 ipsorum
430 2666 534 2745 inoipit
575 2663 697 2739 purgari
749 2660 813 2726 hon
850 2664 1015 2740 'sangnine

102 2784 165 2846 quo
201 2767 322 2846 aspersi
354 2774 461 2835 sont,¹
484 2766 515 2827 id
547 2776 610 2840 est,
654 2768 714 2830 hoe
753 2771 851 2832 verbo
885 2769 928 2830 de
956 2769 1015 2845 ejus

104 2874 252 2950 sangnine
286 2889 381 2950 snper
421 2889 479 2934 nos
523 2872 674 2950 projecto,
713 2882 748 2937 nt
784 2874 956 2937 nudiomns
992 2883 1016 2935 et

104 2979 281 3051 credemus,
312 2985 406 3054 ntqne
433 2977 473 3038 ito
502 2978 694 3050 mundemur.
725 2978 787 3042 hoo
808 2987 859 3041 est
882 2980 1015 3042 meritum

104 3081 225 3146 Christi,

186 3188 263 3249 Nom
297 3203 334 3249 os
371 3187 526 3249 infantium
555 3203 616 3250 non
645 3166 717 3251 ineit
744 3188 824 3250 hoen
858 3191 1014 3267 magnetis

103 3293 234 3354 iondnns
255 3309 381 3369 regnum
399 3293 489 3366 vitae,
505 3291 651 3369 justitian,
670 3295 835 3357 destruens
857 3305 1013 3372 pennatum

104 3405 134 3459 et
155 3404 295 3468 mortem,
332 3398 389 3460 sed
419 3400 515 3460 virtus
536 3397 663 3472 Christi,
694 3401 747 3479 qui
773 3410 819 3462 en·
844 3401 1015 3479 impetravit

103 3519 162 3565 sno
184 3505 341 3580 sangnine,
363 3507 487 3582 quinon
509 3513 558 3567 est
575 3506 643 3566 teve
660 3505 789 3582 pretinm
805 3522 864 3582 pro
885 3506 1013 3583 ponentis

104 3609 219 3670 nostris
240 3607 358 3672 effusos
379 3608 409 3670 et
430 3609 647 3688 perspiritum
669 3617 810 3672 sonetum
839 3627 937 3689 snper
962 3628 1013 3674 nos

103 3696 359 3807 spnrsnslverbo.
