2258 4170
202 236 205 245 ·
305 168 314 173 ἢ
375 199 470 278 ¹(lap.
492 194 521 262 9.
541 198 655 261 lleeiua
910 184 991 266 -325
1031 258 1033 262 ,

90 386 201 450 adeum
222 376 361 453 modum,
383 366 446 458 quo
468 378 515 441 sol
537 387 591 441 aut
611 370 688 443 ra'tio
709 374 810 442 lucent
830 386 860 443 et
877 366 991 444 illumi-

90 497 159 561 nent,
191 502 321 567 quorum
347 494 487 547 neutrum
510 482 550 546 de
570 492 693 548 aeterna
707 485 840 563 iustitia,
876 487 939 550 vita
960 494 992 551 et

91 613 152 681 paue
178 593 344 681 quidquam
376 591 453 653 lunis
473 590 577 654 habet.
621 587 682 652 Sed
703 590 745 652 ita
765 591 846 654 lueet
866 592 918 658 lux
938 592 990 656 illa

93 686 249 778 magnasut
272 699 367 760 seiam
390 686 762 775 peceatum‘damuatum,
785 703 912 760 martem
935 714 989 761 ex·

93 809 226 878 atratum,
259 804 404 864 internum
434 809 604 875 vastatum,
638 796 801 865 diabolum'
826 803 938 866 vietum
960 809 991 866 et

92 912 236 990 captivum,
275 913 305 968 et
324 907 478 984 hominem
499 907 659 970 liberatum
674 924 700 969 a
720 905 879 986 tyrannide
907 908 986 971 ista·

91 1035 141 1089 run
165 1013 299 1076 hostiurn
327 1014 461 1075 omnium
491 1029 545 1090 per
564 1002 707 1075 infantem
729 1020 759 1076 et
779 1013 874 1076 litium
894 1012 987 1077 huna
1054 1008 1057 1013 ’

92 1118 285 1187 llaeedemum
301 1126 350 1182 est
365 1126 396 1181 et
415 1119 520 1180 vocari
542 1122 644 1196 petest
665 1115 771 1183 merita
793 1121 847 1183 lux
867 1137 989 1199 magna.

93 1242 153 1310 quaa
175 1241 231 1286 noe
251 1224 358 1298 docet,
389 1224 545 1303 quomodo
567 1230 743 1301 peccatura,
769 1224 868 1301 mars,
898 1225 989 1288 lutar-

92 1350 147 1405 nus,
175 1336 263 1392 eatan
291 1332 443 1404 vincatur,
482 1344 563 1410 quae
590 1326 681 1392 docet
705 1340 768 1417 nos
796 1331 836 1394 de
863 1339 988 1395 aeterna

92 1435 268 1514 iniustitia,
298 1451 376 1512 pace
398 1444 428 1496 et
449 1434 525 1507 vita,
558 1450 639 1513 quae
659 1428 873 1500 inenarrabilia
894 1436 988 1499 bene·
1051 1500 1054 1505 .

93 1541 259 1610 laiaadlert
279 1548 310 1602 et
331 1541 424 1602 donat
443 1537 534 1603 nobis
555 1554 633 1618 puer
653 1546 754 1606 natue.
797 1536 882 1604 idaea
905 1549 987 1605 uerte

93 1655 161 1726 lunga
179 1654 207 1709 et
227 1647 258 1709 in
279 1645 426 1729 inlinitum
448 1652 519 1708 aaut
539 1645 670 1723 majora,
699 1664 793 1726 supra
814 1649 916 1711 omnia
933 1628 987 1724 ea,

93 1772 154 1836 quaa
171 1752 295 1815 rationis
316 1753 376 1814 ulla
398 1752 549 1831 sapientia
569 1749 668 1816 docet.

153 1860 214 1921 Heu
224 1860 290 1920 uult
302 1856 421 1931 Esaias,
442 1858 494 1945 ubi
516 1858 614 1919 lucem
636 1865 727 1919 vocat
748 1844 985 1938 magnamque

94 1982 153 2030 rura
169 1963 234 2041 ejus
255 1964 334 2025 lueis
357 1960 547 2040 majestatem
570 1962 712 2026 omnibus
733 1962 808 2037 illis,
839 1946 920 2043 puae
940 1965 988 2028 lu-

93 2072 127 2133 ris
144 2070 301 2150 quiequam
315 2068 438 2142 habent
460 2064 613 2147 praeferre
635 2076 665 2131 et
686 2085 752 2131 eam
770 2068 873 2132 lucem
895 2070 986 2134 nobie

92 2176 282 2239 conmendare
313 2175 416 2238 votuit.
463 2175 613 2238 Versatur
639 2174 718 2237 anim
749 2170 780 2236 in
809 2183 987 2253 argumenta

91 2281 120 2342 da
132 2282 176 2343 illo
190 2297 286 2358 regno
300 2287 442 2342 aeternae
461 2270 606 2357 laetitiae,
630 2280 710 2342 vitae
732 2285 763 2342 et
782 2281 881 2358 paeis.
913 2281 987 2345 ideo

86 2386 199 2464 loquitur
222 2387 263 2448 de
281 2383 351 2448 luae
372 2387 463 2448 iatius
484 2386 570 2464 regni
593 2387 725 2465 propria,
747 2402 827 2464 quae
848 2393 896 2450 ast
916 2387 987 2466 ipse

87 2488 217 2564 Christus,
240 2492 289 2554 itta
308 2498 356 2554 est
376 2492 430 2562 lux
449 2508 532 2565 vera,
553 2491 724 2577 illuminans
745 2507 866 2581 omnam
887 2490 987 2577 iami-

83 2608 140 2657 nen
160 2597 329 2659 venientem
349 2597 379 2658 in
401 2595 483 2659 hune
504 2596 676 2659 mundum.¹
701 2594 863 2676 Sequitur:

83 2778 354 2847 dubitantibus
381 2784 418 2845 in
445 2780 549 2846 ter'ra
574 2785 732 2847 umbrae
753 2785 893 2850 mortis
912 2786 984 2850 lux
1041 2864 1044 2869 ¹

172 2896 259 2953 orta
279 2898 352 2962 est,
376 2897 442 2953 aut
463 2890 646 2968 splendet
667 2905 788 2968 super
806 2904 885 2954 eae.

132 3016 205 3080 list
231 3019 413 3097 tautologia,
444 3016 525 3079 idem
552 3006 725 3107 est‘aninu:
766 3016 859 3080 Videt
884 3034 983 3097 popu-

83 3139 115 3186 uu
148 3124 248 3185 lucem
280 3140 436 3201 magnam,
472 3131 502 3186 at
530 3122 669 3201 splendet
696 3138 792 3202 super
816 3139 893 3186 euru.
922 3122 983 3188 Ea·

83 3240 136 3292 'em
159 3220 262 3290 autem
283 3227 392 3306 repetit
413 3227 526 3306 duplici
541 3228 685 3300 oratione,
703 3212 981 3304 trt'aignili'eantlue

83 3336 236 3414 aptiuetur
251 3333 309 3396 ista
330 3326 481 3399 lurn'di
502 3331 536 3414 ii
556 3332 605 3398 titt
625 3328 695 3414 ptri
708 3318 803 3412 atde
817 3332 879 3399 ttnb
901 3330 981 3444 ltlttb

83 3444 113 3504 tt
130 3436 250 3520 trefflld)
268 3436 351 3517 nella
364 3432 367 3437 ’
382 3437 455 3500 Cum
474 3438 557 3511 dieo,
578 3438 689 3517 Magna
710 3440 762 3501 lux
776 3445 824 3503 est
845 3446 875 3502 et
889 3440 980 3503 valde

83 3548 147 3607 tara
170 3543 313 3622 splendet
334 3559 370 3605 ae
392 3545 498 3616 micat,
525 3543 606 3605 idern
628 3543 696 3606 dieu
726 3544 848 3607 duabus
870 3530 982 3608 aratio?

83 3651 173 3722 ibus,
202 3648 258 3711 sed
279 3649 356 3711 lueis
385 3635 559 3726 magnitudo
587 3649 681 3711 altera
704 3638 840 3714 aretinae
853 3648 980 3728 utilene

83 3755 168 3834 ragis
190 3761 319 3833 augetur
345 3760 376 3817 et
396 3754 617 3833 signilleantlue
638 3756 825 3835 eupttuttdu,
837 3756 978 3819 -utdixi
