2258 4170
508 171 651 255 assises
962 190 1025 257 277

81 270 88 419 Β
140 383 300 465 jaeiomnee
340 375 449 434 iratres
478 382 562 445 tuos,
589 375 775 436 universum
809 388 913 434 semen
943 352 1049 450 llphf'

141 491 197 554 rain
215 487 264 543 ele.
463 562 466 567 ἱ
841 473 843 479 ’

202 569 286 647 'iales'
316 585 484 646 sententiae
506 585 618 656 multae
640 585 717 645 aliae
745 580 865 661 passim'
894 592 1026 657 exstant,
1074 623 1075 627 =

139 678 194 779 qnia
211 691 284 750 enim
306 688 520 750 conditionalis
542 691 592 750 illa
613 698 678 750 erat
698 691 873 767 promissio,
894 706 1039 754 necessex

92 792 96 801 '
137 810 173 866 aet
192 800 331 859 ,cessante
358 794 532 856 conditione
564 811 689 857 cessare
721 794 1025 873 promissionem).

138 911 219 983 Quare,
237 899 349 960 fiducia
370 900 433 973 illa,
465 917 546 978 quae
571 901 744 963 conditione
771 899 894 963 sublata
921 901 1024 964 adhuc
1048 896 1050 900 ⁴

137 1013 259 1077 remanet,
297 1013 346 1066 est
381 1022 463 1067 mere
499 1005 633 1068 humana
659 1006 914 1085 fiducian'quarn
942 1007 1025 1068 Deus

136 1112 183 1182 odit
201 1120 226 1172 et
253 1110 454 1173 abominatur.
497 1111 550 1173 Sic
577 1089 686 1175 civitas
713 1113 904 1174 Hierusalem
934 1128 1027 1173 voca-

93 1204 97 1211 ’
135 1234 172 1284 lun
187 1193 559 1293 sanctapropterverbunn
570 1219 634 1291 Dei,
656 1218 739 1297 quod
760 1218 904 1289 habebat
926 1216 1023 1279 verbo

81 1324 83 1353 ²
135 1330 252 1391 cessante
284 1339 346 1385 non
383 1322 514 1400 amplius
550 1330 658 1385 saneta
696 1331 756 1395 est,
798 1325 854 1387 sed
886 1325 1024 1401 prolana.

134 1430 268 1506 Templum
290 1428 387 1506 igitur.
402 1429 584 1507 mansisset,
612 1427 691 1490 sieut
710 1429 897 1505 promissum
918 1437 974 1498 est,
996 1428 1023 1489 si

135 1541 289 1602 servassent
304 1542 437 1626 'pactum
456 1534 520 1596 Dei.
561 1533 635 1594 lllnd
656 1542 757 1597 autem
780 1536 854 1614 quia
875 1552 936 1597 non
957 1550 1023 1596 ser·

134 1645 238 1712 valant,
271 1640 429 1716 templum*
448 1654 509 1701 nna
540 1655 609 1699 cum
636 1648 701 1701 tuto
723 1642 806 1702 cultu
827 1641 904 1718 legis
928 1640 1023 1718 periit,

81 1736 106 1823 ;’
135 1746 226 1825 alioqui
241 1745 370 1830 Romani
390 1744 635 1822 Hierosolymam
656 1761 813 1824 nunquam
835 1753 1023 1810 vastassent.

81 1886 83 1901 ι
198 1853 312 1926 Pugnat
344 1850 435 1925 igitur
467 1850 518 1911 hio
550 1850 638 1911 locus
671 1858 776 1913 eontra
812 1851 955 1913 fiduciam
991 1851 1021 1912 in

81 2028 85 2039 ¹
133 1955 408 2038 promissionem**),
433 1953 588 2033 quaejam
604 1957 792 2030 estsublata,
814 1963 844 2018 et
858 1957 1022 2035 reprehen·
1099 1974 1102 1978 ’

133 2067 220 2127 duntur
238 2061 361 2134 ludaei,
382 2061 479 2139 quod,
502 2077 570 2122 cum
593 2063 653 2138 ipsi
674 2079 713 2124 ex
734 2072 826 2139 pacto
846 2080 906 2124 nou
929 2069 1023 2124 stete·

81 2148 83 2155 ⁵
131 2172 189 2240 rint,
220 2173 319 2228 lamen
349 2166 445 2228 Deum
478 2182 517 2226 ex
547 2183 584 2227 eo
612 2175 694 2239 stare
713 2170 891 2246 postulant.
935 2169 1022 2231 Sicut

81 2260 84 2369 j
131 2273 208 2336 nostri
237 2271 404 2333 adversarii
443 2271 536 2333 hodie
575 2273 735 2350 magnifice
775 2275 942 2350 gloriantur
981 2275 1021 2335 de

132 2377 378 2468 promissionibus,
410 2394 489 2457 quas
525 2377 619 2439 habet
646 2380 794 2451 eeclesia,
826 2370 917 2457 quod
942 2377 1020 2441 fides

81 2506 86 2589 Ι
130 2485 193 2547 Petri
210 2500 363 2560 nunquam
385 2483 520 2555 deliciet,
554 2485 636 2562 quod
659 2484 797 2546 Christus
831 2501 900 2545 cuna
921 2486 1020 2546 eccle·

81 2594 86 2679 ³.
129 2591 168 2651 sia
185 2607 237 2652 sua
249 2589 305 2652 erit
320 2605 421 2666 usqne
437 2590 474 2649 nd
488 2590 780 2651 consummationem
792 2592 896 2652 seculi.
924 2589 1017 2660 Bene,
1075 2601 1079 2612 '
1109 2635 1113 2652 .

81 2682 83 2687 ’
128 2693 190 2756 laec
207 2713 264 2758 non
284 2709 450 2770 negamus,
484 2695 556 2772 quin
578 2710 651 2756 vera
672 2695 748 2766 sint,
775 2696 837 2775 ispo
858 2711 916 2757 nos
937 2695 1019 2756 hanc

124 2816 200 2863 unam
223 2802 462 2863 consolationem
484 2801 512 2860 in
531 2806 618 2862 tanto
640 2800 743 2861 mundi
766 2808 796 2861 et
822 2808 950 2862 satanae
970 2802 1017 2860 l-

120 2918 176 2964 rore
204 2905 382 2984 habemns„
401 2905 485 2992 quoti
514 2906 595 2966 clare
630 2906 851 2983 promissiones
884 2913 1014 2977 exstant,

120 3004 260 3074 Christum
278 3012 387 3077 sedere
410 3028 427 3071 a
449 3011 564 3077 dextris
575 3011 641 3083 Dei,
662 3009 798 3073 elatiore
811 3011 1018 3074 ecclesinesie

113 3113 285 3184 periclitanti
307 3126 432 3195 propter
453 3117 589 3178 verbum.
936 3190 942 3207 l

90 3276 94 3295 ,
184 3202 287 3298 'Quare
307 3224 397 3299 igitur
418 3223 638 3284 contemnimus
657 3223 852 3284 adversarios
869 3223 1016 3284 nostrosl

106 3335 202 3392 luere
221 3328 435 3406 impugnamus
457 3346 522 3400 eos,
544 3327 798 3417 el'premittimus
817 3334 908 3399 certo,
930 3318 1015 3404 quod
1050 3382 1055 3405 ¹,

102 3422 164 3489 Sint
188 3434 332 3510 perituri?
370 3435 441 3496 ldeo
469 3433 584 3495 scilieet
605 3434 687 3511 quod
709 3433 769 3510 ipsi
790 3449 851 3495 non
873 3439 945 3493 sunt
965 3448 1016 3492 ec·
1120 3506 1124 3511 .

99 3580 313 3606 N...-

175 3668 203 3735 ·)
223 3667 350 3722 Cessante
373 3667 522 3720 conditione
545 3673 631 3718 cessat
657 3665 797 3732 promissio
816 3664 1013 3719 conditionalis.

95 3743 154 3821 *Ἴ
180 3762 287 3815 Damnat
304 3761 423 3814 fiduciam
441 3763 467 3813 iu
485 3759 673 3832 promissiones
691 3758 891 3816 conditionales.
930 3820 938 3829 ,-
