2258 4170
416 200 613 285 suetiae.
719 285 724 296 x
836 199 840 223 ¹
944 216 949 230 '

295 566 298 574 ·
325 578 329 585 ·
387 549 472 633 daput
493 539 748 635 quinquagesinum.
785 532 787 536 ὗ

188 697 282 780 [Quia
306 700 499 796 Propheta*)
526 704 627 780 eoepit
647 697 776 768 tractare
798 701 827 762 in
851 703 1028 790 posteriore·
1069 694 1098 783 i,
1123 779 1125 789 Ι

83 805 178 869 ¹suae
198 805 386 885 ‘prophetiae
408 816 642 890 parte.regnum
665 807 789 879 Christi,
813 808 895 883 quod
918 809 1021 885 incep-

106 922 165 974 tum
187 921 219 972 et
243 912 531 987 confirmatumest
548 927 601 991 per
625 915 815 974 vocationem
837 914 970 990 gentium
992 921 1023 975 et
1055 941 1058 949 ι

105 1018 308 1094 abjectionem
329 1003 516 1083 iudaeorum
545 1019 623 1106 sicut
636 1019 749 1082 Pautus
767 1021 858 1081 Rom.
882 1018 930 1082 li.
953 1010 1024 1082 dicit

103 1125 140 1185 de
163 1125 248 1195 olea,
270 1124 342 1187 ideo
362 1106 426 1186 'iere
448 1127 477 1186 in
499 1127 549 1187 itis
570 1125 693 1186 duobus
715 1125 792 1188 iocis
815 1135 968 1199 versatur,
991 1136 1046 1197 utx

103 1237 267 1305 argentes
291 1229 329 1290 ad
352 1231 516 1291 ecelesiam
541 1211 645 1302 vacet,
667 1238 696 1291 et
718 1231 865 1306 reliquias
887 1226 1030 1294 iudaea.

100 1353 168 1397 rum
182 1336 371 1407 consoletur,
386 1335 571 1421 exhortetur
592 1346 621 1399 et
642 1330 805 1417 prouocet¹
842 1337 935 1398 Porro
953 1340 1024 1394 sunt

101 1424 184 1503 duae
208 1441 365 1524 legitimae
387 1441 532 1515 rationes,
555 1444 668 1520 quibus
693 1442 886 1522 dividebatur
907 1444 935 1502 in
956 1443 1024 1516 lege

100 1548 237 1614 maritus
260 1554 291 1607 et
312 1563 407 1609 uxori
447 1547 562 1619 Prima,
593 1548 679 1626 quod,
698 1566 774 1610 uxor
795 1542 1024 1634 repudiabatur,
1082 1562 1086 1570 “

101 1653 263 1725 secunda,
295 1653 377 1732 quod
409 1653 610 1718 vendebatur..
649 1653 727 1729 Quia
753 1642 843 1731 igitur
864 1649 1028 1733 synagoga
1109 1687 1112 1694 ,

72 1749 145 1820 aab
167 1760 305 1820 eeclesia
327 1759 464 1831 recessit,
488 1747 613 1821 accusat
637 1768 704 1822 ea'm
728 1739 873 1839 tanquam
890 1758 1026 1825 meretri·

107 1883 192 1937 uem,
227 1881 308 1942 quae
341 1865 408 1926 sine
439 1865 500 1926 ulta
527 1870 622 1927 eausa
651 1860 830 1936 discesserit
860 1884 877 1927 a
911 1865 1026 1925 marito.
1105 1902 1108 1910 -

107 1973 175 2035 Non
199 1971 375 2049 repudiavi,
396 1988 457 2032 uon
480 1952 603 2031 verididi
624 1980 672 2045 te,
694 1973 802 2050 inquit,
824 1972 879 2034 sed
900 1979 953 2033 tua
974 1968 1027 2029 ini-

111 2080 215 2159 quitas
239 2085 269 2139 et
291 2064 522 2138 malitia'eausa
544 2084 592 2138 est
612 2077 703 2159 huius
725 2077 853 2155 repudii.
885 2067 888 2072 ’
989 2091 991 2096 ⁴
1113 2146 1121 2153 .

114 2265 215 2328 Euae
250 2266 353 2326 anim
384 2266 418 2324 in
441 2263 904 2342 iniquitatibusvestris
938 2278 1029 2323 ven·

435 2370 512 2443 <titt
533 2368 711 2446 estis**).

196 2500 283 2561 Haec
310 2507 358 2560 est
385 2515 483 2562 causa
511 2496 683 2577 rejectionis
699 2495 788 2576 m).
830 2492 916 2558 Sicut
936 2494 1031 2573 hodie
1072 2566 1076 2578 .

61 2618 65 2631 ·
115 2607 186 2667 nihil
208 2606 377 2675 obmittitur
399 2623 417 2666 a
440 2607 538 2678 nobis
560 2613 592 2669 ut
606 2607 790 2681 reducamus
803 2610 865 2664 tum
879 2602 1032 2680 Papistas,

59 2738 62 2801 ἶ
114 2722 173 2774 tum
202 2712 357 2774 sectarios
391 2713 419 2771 in
448 2713 539 2775 viam.
587 2712 653 2775 Nou
682 2709 872 2774 excludimus
895 2723 952 2772 eos
990 2707 1029 2768 ab
1119 2766 1123 2783 ,

59 2864 68 2899 ,.
113 2818 255 2902 ecelesia,
276 2817 333 2880 sed
356 2817 414 2895 ipsi
437 2833 473 2878 se
494 2818 704 2909 excludunt„
748 2826 782 2833 ”
1080 2808 1086 2818 “

265 3046 267 3051 ,
288 2981 384 3057 Quia
406 2985 508 3060 veui,
530 2991 566 3045 et
587 2998 664 3044 non
687 2991 776 3043 erat
798 2980 863 3044 vir.
940 2996 943 3003 ·

193 3109 310 3171 Probat
326 3111 463 3187 ipsorum
485 3111 628 3172 maiitiam
650 3111 679 3171 in
699 3090 794 3171 eausa
809 3108 919 3170 tuisse)
953 3110 1027 3170 Verri

107 3217 138 3276 in
161 3217 304 3287 earnem,
333 3216 445 3292 iuquit,
468 3229 536 3278 sum
550 3223 695 3279 mortuus
719 3232 773 3291 pro
797 3214 904 3285 vebis,
927 3230 1027 3277 resur-

106 3321 333 3396 rexi‚·implevi
355 3328 384 3380 et
405 3321 527 3384 exhibui
552 3336 699 3398 praeseus
722 3336 828 3401 omues
844 3320 1026 3398 promissio·

108 3443 178 3488 nes.
223 3425 337 3486 Verum
356 3438 412 3492 vos
430 3442 489 3507 me
510 3443 570 3488 non
593 3426 761 3504 recepistis.
805 3424 1030 3517 Sieutest10·
1085 3464 1090 3471 -

184 3669 216 3740 ⁸)
241 3667 431 3741 summ‘cfli’z
449 3667 492 3726 5⁰·
520 3668 567 3737 **)
584 3668 702 3722 Enarrat.
723 3683 779 3737 cap.
792 3666 835 3720 50.
861 3666 924 3732 Ψ)
944 3638 1028 3721 ceu„

106 3766 266 3832 rejectionis
282 3763 396 3816 maerin.
454 3827 456 3831 v
509 3825 512 3830 Ι
836 3758 848 3779 .-1
