2258 4170
33 214 36 223 '
83 291 86 297 Ι
127 181 165 270 θ’
303 176 404 296 'Caput
427 178 676 284 quadragesimum
699 204 860 265 seeundum

18 405 39 439 -·
101 436 110 462 ,
128 389 250 451 Petrum
266 396 311 450 ter
321 394 483 465 negantem
485 384 659 465 christum,
682 385 754 447 vide
772 386 910 464 reliquos
923 396 1051 465 aposto·

20 556 24 571 ,
129 497 178 558 los
197 496 322 573 turpiter
343 492 808 557 descrentescnristum.1los
830 511 892 554 non
907 494 1051 570 objurgat

14 640 22 653 t·
78 574 243 690 'acrius
265 617 324 663 non
348 583 560 679 persequitur,
580 615 641 662 uon
662 599 789 661 damnat
806 574 962 674 Christus,
992 601 1049 662 scd

131 694 316 770 suavissime
348 707 453 778 allicit,
477 706 627 768 medetur
659 721 778 768 eorum
794 706 982 798 pavoribus,
1020 713 1051 768 et

131 810 239 898 iratres
260 813 351 874 ctiam
374 811 516 890 appellat.
539 813 619 874 Vide
639 812 846 883 mulierculam
868 812 1050 891 adulteram,
1089 856 1092 860 .

108 918 303 998 ioannis&
326 917 396 979 vide
418 917 619 995 peccatricem
651 912 823 989 mulierem,
857 917 927 978 vide
956 920 1051 979 latro-

134 1043 202 1087 nem
224 1027 252 1086 in
276 1041 379 1097 cruce,
400 1032 432 1085 et
452 1039 575 1095 cernes,
609 1022 764 1101 quomodo
785 1038 975 1085 concussum
998 1040 1051 1084 ca·
1057 1056 1060 1062 -
1086 1088 1090 1094 ,

133 1133 245 1194 tamum
267 1148 328 1192 non
349 1122 481 1206 frangat,
510 1128 565 1229 sed
601 1129 697 1204 erigat
725 1135 754 1189 et
774 1127 938 1190 confirmet.
983 1129 1051 1190 Hoc

134 1253 194 1298 non
218 1235 501 1318 iaciuntjustitiarji,
523 1222 710 1313 imoquanto
731 1236 771 1296 illi
792 1235 1028 1311 diligentiores
1021 1252 1051 1294 rn

136 1345 202 1404 suis
225 1342 499 1420 superstitionibus
520 1350 604 1414 suut,
639 1349 723 1404 tanto
761 1341 902 1421 acerbius
925 1341 1054 1416 exigunt

136 1449 261 1510 easdem
284 1448 322 1510 ab
346 1448 430 1522 aliis,
459 1449 541 1509 nulla
563 1448 680 1509 ratione
700 1446 880 1511 infirmitatis
903 1456 956 1509 aut
979 1464 1053 1509 con-

60 1613 64 1618 .
136 1555 331 1617 scientiarum
352 1553 465 1616 habita.

209 1815 217 1825 ι
238 1741 370 1805 Linum
392 1743 590 1820 fumigans
612 1759 684 1805 non
707 1741 944 1818 exstinguet.

220 1871 384 1933 Commode
405 1869 634 1933 videnturmihi
647 1866 920 1948 haecdistingui*)
946 1888 1055 1948 posse,
1073 1912 1078 1928 ,

98 2030 101 2034 ,
138 1977 166 2038 si
181 1979 273 2054 ,prius
305 1976 343 2038 ad
366 1958 597 2054 conscientiam·
614 1984 645 2038 ct
665 1976 726 2038 hoc
747 1976 901 2058 posterius
923 1977 964 2038 ad
986 1995 1056 2040 mo-

138 2099 205 2144 rum
222 2074 429 2161 ,infirmitatem
451 2085 576 2147 releraa
620 2083 706 2145 Sicut
736 2091 807 2145 suut
838 2082 965 2160 quidam
994 2085 1056 2145 ira-

110 2172 116 2180 ‘
138 2182 242 2258 cundi,
255 2168 461 2268 praecipites,
483 2188 584 2261 leves,
616 2189 799 2267 suspicaces
820 2195 892 2275 etc„
915 2190 1052 2251 maxime

21 2326 23 2331 .
139 2301 249 2366 autem,
271 2311 351 2372 quos
375 2296 571 2372 passionatos
589 2302 746 2366 vocarunt,
768 2293 841 2365 Hos,
863 2295 968 2372 inquit,
989 2312 1052 2356 non

59 2400 62 2406 '
139 2398 243 2475 abjicit
263 2398 413 2464 christus.
450 2400 508 2461 ·Slc
544 2395 742 2462 videmus'in
776 2400 936 2477 cvangelio
972 2400 1054 2462 illam
1076 2384 1089 2449 ἶ

54 2592 56 2595 v
139 2507 170 2607 in
191 2505 312 2581 christo
331 2490 546 2612 xppmtvpe‘a,
576 2507 659 2584 quod
680 2499 849 2585 discipulos
868 2505 1054 2591 ¹mirabiliter

73 2674 77 2685 ⁴
137 2628 357 2690 nonnunquam
379 2613 559 2690 ineptieutes
581 2612 767 2680 suavissime
784 2613 851 2689 lert.
896 2613 946 2674 Sic
971 2612 1067 2695 Paug

24 2793 28 2799 Ι
67 2708 69 2719 ”
140 2713 254 2792 lus**)
280 2715 371 2778 etiam
394 2717 555 2795 praecipit:
577 2719 661 2778 Alter
682 2719 805 2781 alterius
818 2734 911 2779 onera
925 2725 1052 2795 portate.

19 2873 24 2881 ,
96 2844 106 2874 ¹·
141 2824 173 2885 Si
196 2823 288 2899 igitur
308 2823 396 2894 vides
417 2822 606 2897 iracundum,
635 2813 844 2902 suspicacem,
872 2825 971 2885 levem
1001 2825 1055 2884 ali·

141 2945 231 3008 quem
253 2929 389 3001 tratrem,
421 2930 468 2991 sic
488 2929 616 3006 cogita:
658 2929 736 2990 lloc
751 2947 829 2992 onus
858 2929 958 2992 fratris
982 2930 1056 2991 milri

92 3063 112 3113 g
141 3034 416 3112 portandum‘est,
459 3049 550 3112 quem
585 3051 645 3096 non
678 3034 776 3097 debeo
813 3034 947 3116 rejicere,
981 3037 1055 3098 dum

142 3140 293 3202 Glrristum
316 3139 481 3205 confltetur.
523 3139 663 3203 Debebal
690 3140 812 3218 quidem
843 3143 967 3202 fratrum
988 3144 1056 3220 ⁴vita

142 3245 273 3308 candida
294 3246 478 3323 et-Jucunda
492 3262 575 3319 esse,
598 3248 747 3317 sicutlux,
769 3247 1058 3327 sednonnunquam

141 3360 308 3425 asatana,
336 3360 552 3431 nonnunquam
590 3369 609 3412 a
642 3368 734 3429 carne
761 3360 993 3415 commoventur
1014 3353 1057 3415 ad

146 3698 150 3704 ·
214 3677 245 3744 *)
265 3658 416 3751 Discrimcn
439 3679 507 3731 iutar
531 3676 662 3730 calamum
691 3685 843 3746 quarratam
869 3684 897 3730 et
913 3672 998 3730 linum
1017 3678 1059 3731 in·

83 3836 88 3842 ¹
144 3767 271 3841 irrigans(
294 3771 343 3838 ”)
364 3770 418 3826 Gal.
437 3773 462 3829 5.
807 3766 813 3777 ⁸
