2258 4170
103 157 196 225 ffl‘
429 163 713 223 monuerim
773 170 781 178 '

186 339 316 414 Quando
341 339 404 407 iota
430 338 607 401 aodiheotio
629 339 753 409 reniet,
787 338 874 413 quod
894 337 1017 406 Dhnrtm

104 443 253 505 vilissima
274 459 409 527 perrona
429 452 493 504 tota
515 445 578 504 vita
599 444 678 505 nihit
700 443 833 519 dignum
854 446 958 520 gemit
997 448 1016 511 D

103 557 220 628 quauta
239 549 296 610 erit
316 546 464 619 offensio.
495 565 590 627 quam
611 566 678 611 nou
699 549 862 623 enodetur,
882 556 914 611 et
931 557 1017 615 tamen

103 655 160 725 ait,
193 653 370 715 Elerahitur
388 663 421 713 et
440 656 586 717 exoetaus
605 657 685 737 πῆς,-
709 654 778 717 hoo
798 662 866 729 est,
887 655 1017 734 audietur,

103 761 175 822 lieet
193 758 262 835 ejus
282 760 421 836 potentia
445 767 476 820 et
497 761 594 835 gioria
614 776 679 821 non
702 760 874 824 vioehitnr.

185 865 279 927 Porro
300 870 414 935 antem,
433 868 577 941 quamvis
596 865 712 927 iudaei
734 881 857 941 negare
877 883 939 928 uon
959 887 1018 946 pon.

101 976 188 1042 aunt,
218 968 293 1047 quin
314 970 459 1048 loquatur
477 970 519 1031 de
538 968 678 1043 christo.
715 979 825 1057 tamen
847 976 1018 1047 recentiores

103 1074 187 1138 vario
213 1074 335 1145 ludunt.
367 1081 399 1135 et
425 1074 455 1134 in
484 1075 589 1137 variae
620 1084 653 1137 et
680 1076 845 1139 absurdas
875 1075 1024 1157 opiniones¹

101 1188 305 1252 evanescunt,
336 1179 388 1240 aiii
415 1178 498 1241 aliud
518 1181 813 1255 comminiscuntur,
851 1178 971 1258 plurimi
988 1169 1030 1245 de*

100 1287 172 1365 ipso
193 1285 310 1363 populo
330 1300 391 1347 aeu
411 1301 505 1347 seruo
521 1285 642 1347 Domini
662 1264 833 1349 ooileoti've
854 1286 1017 1363 inteltignnt

102 1390 164 1453 Sed
190 1405 322 1451 neeesse
347 1398 398 1453 eet
424 1390 609 1468 prophetam
628 1392 716 1471 toqui
738 1393 783 1455 de
803 1409 870 1455 una
892 1407 1018 1470 persona

101 1504 136 1559 ut
169 1497 252 1557 dare
286 1495 475 1567 ridebimus,
507 1495 662 1575 quaedam
689 1506 832 1577 possunt
861 1497 1017 1576 depravent,

101 1601 157 1663 aed
178 1619 240 1664 uon
260 1601 372 1663 omnia.
815 1652 818 1657 .

182 1708 363 1769 [tractatum
379 1715 430 1770 est
443 1705 603 1769 hraehium
623 1724 681 1787 per
701 1707 893 1786 prophetas.
924 1707 960 1770 tto
975 1708 1015 1771 hie

101 1821 152 1877 ort
171 1829 251 1876 unus
271 1811 360 1875 torua
381 1819 412 1873 et
433 1811 558 1890 phrasis
578 1814 754 1893 scripturae
775 1814 960 1885 eommunis,
979 1814 1015 1875 rio

102 1921 208 1982 vocari
236 1917 354 1995 passim
385 1917 480 1979 fitium
503 1917 560 1979 Dei
586 1917 749 1981 brachium
778 1918 916 1983 Domini.
954 1917 1016 1989 Bra,-

103 2025 207 2087 uhium
216 2024 336 2086 Domini
347 2022 560 2092 dominabitur,
580 2022 643 2084 hoe
659 2041 721 2086 nou
738 2032 847 2104 potest
869 2023 1014 2086 eollootirt

102 2132 226 2208 intelligi
236 2131 275 2192 de
288 2130 404 2207 poputo
414 2128 524 2202 lsraet;
543 2126 595 2188 hie
606 2138 689 2191 certo
706 2147 770 2192 uon
791 2138 844 2192 est
867 2128 1034 2191 brachium*

103 2237 230 2301 Domini
272 2236 351 2308 Sed,
384 2235 537 2312 inquiunt,
567 2250 628 2295 uon
654 2236 812 2313 loquimur
840 2238 882 2297 de
903 2235 1013 2305 hiemia.

104 2345 160 2407 sed
181 2343 222 2406 de
243 2343 346 2413 tiore,
368 2341 443 2416 Quis
465 2339 599 2416 gentium
621 2341 719 2402 eredit
738 2342 801 2418 legi
824 2351 967 2413 nostrae,
991 2349 1013 2401 et

104 2449 271 2520 brachium,
292 2464 355 2525 quo
374 2431 476 2507 educti
499 2461 607 2507 sumus
628 2461 668 2507 ex
687 2453 846 2526 Aegypto,
867 2448 919 2509 oui
940 2462 1015 2509 reve

103 2557 196 2617 tatum
224 2555 292 2617 esti
334 2553 396 2613 Sed
419 2551 560 2612 videmus
580 2550 765 2629 prophetam
786 2552 875 2631 ioqui
897 2552 940 2613 de
960 2567 1014 2629 per·

104 2677 191 2733 sona,
216 2675 298 2738 quoe
320 2667 369 2720 est
389 2665 502 2734 spreta.
524 2663 698 2732 contempta
719 2674 758 2718 ao
778 2657 908 2734 abjecta
929 2665 960 2718 et
979 2663 1014 2721 te·

105 2783 174 2828 meu
195 2772 340 2843 asperget
359 2764 505 2841 populna,
533 2767 564 2823 et
584 2761 710 2839 quidem
730 2779 805 2836 ooo,
828 2763 948 2842 quihus
967 2778 1015 2824 not

103 2880 152 2933 eat
178 2879 339 2933 nouatum.
382 2865 430 2934 Di
459 2867 541 2949 pehti
569 2865 644 2933 oliti
666 2869 697 2928 in
717 2885 778 2931 una
801 2868 1016 2947 consequentia

102 2983 133 3038 et
161 2974 365 3038 cohaerentia.
406 2972 444 3034 Et
470 2973 542 3036 hino
569 2975 675 3036 attexit
701 2973 763 3037 hoo
793 2974 918 3054 ipsum,
953 2974 1015 3051 Du'u
1047 3010 1049 3019 =

102 3080 208 3144 eorum
240 3080 364 3142 oredeti
395 3083 446 3157 qui
468 3080 591 3143 audient
607 3081 678 3143 ittud
702 3072 840 3143 audibile
862 3079 1016 3143 hraehium

104 3186 237 3260 Domini,
258 3186 343 3265 quod
362 3185 557 3263 praedicatur
576 3192 607 3247 et
625 3187 788 3249 revelatur.

185 3292 385 3369 Quantumvis
402 3291 482 3352 euim
500 3293 541 3354 sit
562 3291 730 3353 revelatum
750 3300 782 3353 et
804 3293 1019 3372 praedicatum.

103 3408 202 3462 tamen
231 3415 291 3460 nou
324 3397 460 3471 crement,
498 3405 532 3459 ut
551 3399 599 3463 sot
621 3398 650 3458 in
672 3400 780 3461 oeulos
803 3399 894 3461 oaeei
916 3400 1018 3478 impin-

104 3521 195 3583 gens,
222 3516 255 3567 ut
273 3506 323 3566 itte
344 3506 457 3570 sentiat
476 3503 567 3564 etiam
589 3504 737 3577 calorem,
758 3512 788 3566 et
811 3506 958 3567 omnihus
977 3506 1018 3566 tu-

108 3626 197 3684 oeno,
229 3616 330 3673 tamen
366 3613 396 3672 in
417 3624 544 3672 caecum
565 3609 688 3671 ineorrit
709 3611 792 3673 vetut
813 3611 845 3672 in
867 3611 1019 3690 parietem,

103 3740 194 3801 quem
209 3731 309 3789 tamen
330 3739 390 3785 non
412 3729 528 3797 transit,
547 3722 610 3786 hoe
629 3732 687 3797 est
707 3725 791 3804 quod
813 3726 934 3789 Patrius
953 3719 1020 3782 dicit
