2258 4170
151 134 232 242 1364·
280 207 285 217 “
364 232 389 255 .,
500 144 645 241 Enanatio
668 181 789 244 uberior·
847 220 848 224 =
937 217 942 223 -

109 327 111 331 ,
369 308 372 315 ·
630 298 635 327 i
1008 319 1009 322 ,

97 413 99 416 ,
151 358 235 426 acies
257 360 402 435 ordinati,
417 393 420 406 ·
433 368 467 424 ut
488 366 508 423 a
527 341 662 436 Gidcona
685 361 785 424 edocti
800 367 912 435 erant,
929 361 989 425 boc
1006 374 1054 440 est

113 538 118 558 Ι
150 485 220 531 cum
246 468 357 544 singuli
388 452 418 529 in
446 469 513 530 loco
544 485 601 530 suo
623 466 692 546 per'
707 449 864 530 circuitum
896 462 1054 535 castrorum

16 559 18 564 ’
99 566 101 571 ’
152 581 270 636 stantes
298 574 472 672 clangerent
499 574 595 647 tubis,
627 590 665 636 ac
687 573 908 650 confringerent
929 576 1053 652 lagenas,

74 668 76 674 ’
151 667 454 764 contractisqua'illis
485 672 607 768 sinistra
628 696 720 741 manu
741 679 883 746 ardentes
905 682 1054 758 lampades

150 766 305 860 tenerent,
329 771 418 862 'quae
445 785 534 848 testis
557 786 701 872 :inclusae
717 777 872 858 ‘'fuerant,
896 793 927 851 at
959 786 1055 852 dextro

73 892 75 897 “
150 891 242 976 tubas
269 896 429 985 sonantes,
463 891 704 971 clamarentque,
738 891 864 954 Gladius
886 891 1008 954 Domini
1032 901 1054 956 ct

151 996 313 1068 Gideonis,
335 995 451 1058 hostes
479 988 638 1059 audientes
668 999 843 1074 clangorem
872 1005 905 1060 et
932 998 1055 1062 sobitum

120 1150 123 1157 .
147 1109 347 1179 trecentarum
365 1102 514 1173 tubarum,
536 1105 587 1182 qui
600 1103 676 1165 satis
688 1114 818 1180 magnus
836 1085 867 1166 et
883 1103 1055 1167 horrendas

46 1190 47 1195 ἵ
146 1208 218 1281 luit,
252 1208 456 1286 videntesque
484 1209 634 1270 lucemin
662 1199 758 1272 nocte
772 1225 933 1289 magnam,
972 1226 1055 1289 quam

35 1302 37 1307 ’
85 1330 87 1335 ’
147 1308 300 1387 trecentae
337 1313 458 1376 faculae
497 1314 700 1403 praebebant,
736 1322 829 1376 noctu
867 1315 949 1376 enim
982 1313 1057 1378 baec

115 1492 118 1496 ,
146 1419 226 1495 tacta
248 1426 327 1493 sunt,
349 1419 452 1481 subito
473 1406 551 1482 sunt
566 1419 727 1506 conterriti.
765 1419 969 1500 Et‘quamvis
992 1420 1057 1482 nibil

144 1525 234 1588 inerit
247 1525 312 1595 ,nisi
332 1540 428 1587 sonus
450 1533 480 1588 at
511 1527 578 1599 lux,
607 1518 709 1588 tamen
738 1525 1057 1606 banc-cogitationem

58 1655 60 1659 ·
144 1615 209 1694 illis·
224 1618 398 1709 injecerunt,
419 1638 453 1693 ut
474 1631 605 1709 putarint
626 1638 725 1711 totum
743 1648 872 1710 regnum
892 1632 1059 1719 Aegyptio·

121 1754 214 1819 jrum
229 1743 271 1804 ‚et
298 1719 566 1816 congregationem
598 1722 726 1801 aliorum
754 1737 942 1801 infinitorum
963 1755 1060 1818 popu·
1088 1746 1090 1752 ’

145 1821 242 1907 lo'rum
261 1850 420 1915 coactam,¹
451 1843 501 1904 cui
521 1844 603 1906 nullo
633 1845 727 1907 modo
755 1845 901 1931 resistere
923 1851 1058 1923 possent

8 1929 29 1956 '⁷
70 1968 71 1971 ¹
146 1956 253 2020 contm
281 1960 325 2015 se
348 1964 494 2028 pugnare.
522 1949 594 2012 ¹Tot
625 1951 705 2013 enim
737 1951 844 2037 tubae,
881 1958 916 2012 ut
949 1962 1057 2012 sonum

30 2104 64 2136 ἱ.
114 2138 115 2142 ¹
145 2057 311 2121 maximum
333 2063 363 2117 et
383 2055 546 2118 terribilem
575 2055 748 2130 ediderunt,
780 2053 826 2119 sic
853 2063 884 2118 et
913 2063 1058 2135 terrorem

146 2163 311 2224 maximum
337 2161 396 2223 illis
423 2161 627 2226 incusserunt.
677 2161 735 2223 ’let
772 2162 864 2224 etiam
882 2149 1058 2241 ‘lampades

19 2274 24 2287 ‘
145 2283 203 2332 seu
245 2269 364 2328 iaculae
405 2281 516 2345 magna
553 2267 620 2328 lucc
665 2268 767 2329 omnia
811 2260 1055 2348 circumquaque

144 2350 339 2436 illustrarunt.
559 2454 561 2463 Ι
687 2428 690 2435 .
752 2438 761 2451 „
887 2399 889 2402 ’
1043 2435 1050 2443 ,

164 2532 167 2539 ,
213 2478 291 2541 troc
311 2477 402 2557 igitur
419 2482 634 2562 strategemate
657 2475 765 2563 (cujus
781 2476 947 2558 autor-tuit
960 2480 1060 2558 Deus)

96 2645 101 2653 ,
145 2585 333 2654 οοηεῑετηαιὶ,
356 2591 427 2646 sunt
445 2581 581 2655 hostes,
608 2591 659 2663 et-
678 2567 810 2663 perculsi
841 2581 968 2660 animis,
1003 2603 1059 2650 nec

125 2690 224 2763 ,aliud
247 2675 341 2767 qua'm
360 2695 552 2768 praesentem
575 2690 633 2752 sibi
657 2690 720 2767 jnm
743 2698 870 2764 mortem
892 2693 1058 2768 immittere,

87 2799 89 2802 ⁴
144 2803 175 2857 et
194 2797 225 2857 in
247 2795 382 2858 extremo
399 2797 493 2857 'vitae
522 2795 659 2874 periculo
690 2797 806 2860 versa'ri
835 2815 871 2860 se
898 2781 1071 2876 putabant‘

83 2886 86 2893 ’
143 2918 201 2964 nec
228 2893 395 2984 quidquam
423 2902 474 2964 bic
499 2901 575 2993 spei
594 2919 667 2966 esse
693 2903 753 2966 nisi
779 2905 810 2965 in
826 2906 915 2982 iuga.
959 2905 1059 2981 Quare

143 3008 247 3085 lugam
268 3017 477 3086 capessentes,
498 3009 571 3072 dum
593 2991 725 3089 quisque
742 3010 824 3072 vitae
843 3012 1059 3073 suaeconsul·

111 3123 113 3127 ’
141 3121 227 3176 turus
248 3130 443 3192 perrumpere
465 3123 501 3194 et
517 3117 662 3194 aufugere
683 3115 797 3188 nititur,
830 3117 859 3176 in
888 3115 952 3193 bac
974 3132 1059 3179 com-

141 3220 304 3300 pressione
326 3221 438 3284 mutuis
460 3237 533 3283 sese
544 3221 672 3283 lanienis
694 3227 724 3283 et
745 3221 855 3299 gladiis
879 3222 1059 3284 confodiunt

143 3331 174 3386 et
204 3323 374 3387 conficiunt.
432 3324 510 3402 Quia
547 3328 684 3409 proximo
728 3327 912 3400 obsistente,
953 3329 1075 3405 lugeres

113 3454 117 3463 ·
143 3437 225 3493 tanta
253 3432 431 3509 pernicitate
456 3449 528 3494 non
544 3439 685 3511 poterant
707 3449 770 3510 qua
797 3432 959 3506 volebant,
980 3434 1057 3512 ,ideo

143 3536 374 3614 praecedentem
389 3532 523 3599 confodit
534 3537 712 3617 insequens,
732 3545 767 3600 ut
776 3518 1056 3601 consulerentur.

142 3642 186 3703 lta
203 3639 359 3704 ¹conterriti
387 3643 532 3715 divinitus
559 3645 685 3706 incusso
712 3661 828 3723 pavore
854 3643 916 3723 ipsi
945 3627 1056 3725 hostes

24 3734 28 3740 ’
142 3747 258 3849 mutuis
280 3763 352 3825 cese
373 3747 550 3814 vulneribus
572 3751 775 3825 coniecerunt.
806 3728 968 3825 Trecentis
988 3751 1056 3825 illis,
