2258 4170
181 189 240 256 132
383 196 471 271 Capul
492 186 757 272 quinquagesimum
777 192 886 255 lerliu‘m
954 286 957 291 Ι
1058 235 1062 247 ,

128 385 166 404 ··
222 371 344 432 'Ecce
366 370 510 435 servus
532 390 636 434 meus
658 348 866 451 prudenter
887 371 1022 452 aget⁸).

260 476 380 538 Servus
398 479 512 548 dicitur,
534 495 593 539 uon
606 479 704 555 qualis
728 478 901 550 luitMosea,
923 485 974 538 aut
995 476 1089 538 hodie

33 587 35 595 ’
58 602 61 607 ·
126 552 129 561 ι
178 589 249 642 aunt
267 580 432 656 justitiarii,
455 591 485 644 et
507 558 661 656 monaehi,'
676 584 727 661 qui
742 582 856 658 iactant
875 599 913 645 se
935 583 1000 643 Deo
1023 597 1088 643 ser-

104 738 108 749 .
177 687 254 756 vire,
289 688 344 747 sed
358 688 448 762 quod
469 690 509 748 sit
531 690 558 748 in
577 688 741 749 ministerio
760 688 850 760 verbi,
872 695 902 749 et
923 685 1007 765 quud
1028 704 1088 763 pu·

175 790 286 851 blicuru
309 791 434 852 docendi
465 790 594 854 officium
626 792 756 853 habeat>
790 791 876 866 Quod
899 798 1002 853 autem
1032 790 1087 851 ad·

34 898 39 903 ’
64 900 71 949 .’
174 894 231 963 dit.
255 896 415 972 prudenter
436 905 519 973 aget,
551 898 741 959 commendat
764 896 852 957 nobis
882 896 1109 961 ministerium,

177 1000 270 1072 verbi,
292 1003 373 1077 quud
398 1002 543 1074 Christus,
564 1020 631 1064 cum
655 1002 683 1061 in
704 1017 795 1062 earne
816 1009 914 1072 esset,
928 992 929 997 ’
945 999 1105 1091 balluni„

174 1102 210 1166 ttt
231 1108 438 1182 complectitur
467 1107 527 1168 hoc
560 1104 740 1168 vocabulum
764 1092 852 1167 simul
870 1104 1031 1185 consilium
1054 1112 1086 1166 et

174 1224 364 1272 successum.
411 1211 567 1291 [Christus
589 1212 667 1272 enim
689 1228 757 1272 cum
788 1211 954 1272 inuenisset
982 1209 1086 1270 omnia

167 1302 406 1421 impeditissima
427 1324 456 1376 el
477 1318 700 1377 intricatissima
728 1324 852 1403 propter
880 1316 979 1376 malos
1008 1314 1084 1376 doc·
1114 1301 1119 1309 ’

126 1436 128 1441 ·
172 1402 264 1493 to‘res,
287 1412 368 1481 torltn
397 1430 496 1482 tamen
526 1422 699 1503 prudentia
715 1438 777 1483 rem
799 1423 903 1496 gessit.
926 1430 960 1482 ut
980 1410 1083 1480 dmni'a

52 1601 58 1608 ¹
170 1526 343 1588 lelrerssrme
355 1526 563 1598 succederent
584 1534 613 1588 el
636 1542 704 1587 curu
726 1516 845 1588 summa
865 1524 1107 1607 tranquillitate

170 1631 278 1692 vitaret
299 1632 440 1709 pericula,
463 1631 581 1692 etsine
603 1628 692 1692 ullius
714 1631 921 1702 incommodo,
944 1630 973 1691 id
996 1628 1080 1709 quod

172 1716 272 1807 voluit,
294 1731 457 1818 efficeret],
480 1736 536 1797 u'ec
567 1752 601 1797 se
631 1737 811 1798 admisceret
834 1734 964 1822 politicis
979 1751 1080 1811 nego·

168 1840 226 1903 tiis.
270 1835 465 1923 [dstantem
488 1840 646 1901 antithesis
679 1843 707 1902 in
731 1836 889 1914 voc'nlrulo,
915 1841 1080 1919 prudenter

170 1953 247 2023 aget,
269 1947 359 2023 quasi
379 1945 468 2018 dicul,
491 1946 662 2025 Moses*‘)
684 1965 744 2009 nou
765 1950 805 2009 ite
822 1934 998 2030 pru‘denter,
1027 1962 1078 2008 ne·

168 2065 228 2128 que
250 2050 328 2111 adeo
346 2034 504 2113 moderate
525 2054 626 2114 omnia
647 2054 758 2130 gessit,
780 2052 835 2114 sed
857 2059 906 2128 est
927 2052 1079 2125 violentus

168 2155 282 2217 doctor.
313 2153 452 2218 chrislus
474 2166 614 2235 autema
636 2147 740 2233 morte,
761 2167 888 2236 peccalo
910 2165 941 2218 et
961 2158 1088 2219 inleruo

58 2342 64 2354 ι
167 2275 225 2321 nos
247 2259 361 2353 lilrerat,
383 2277 442 2349 non
463 2261 603 2324 violentia
625 2265 734 2340 aliquo,
756 2265 810 2326 sed
824 2264 904 2341 .quia
916 2263 1081 2342 prudenter

167 2366 237 2445 agit,
259 2368 331 2443 quin
355 2365 480 2427 verbum
503 2369 582 2429 vitae
604 2367 664 2442 dat,
685 2386 748 2447 quo
767 2372 950 2439 consolatur,
972 2362 1080 2429 servat

166 2477 196 2532 al
217 2470 348 2532 defendit
369 2488 425 2533 uos
447 2480 503 2534 etc.

185 2635 276 2714 lpse
296 2608 609 2719 exaltabitur,et
632 2637 811 2700 sublimis
832 2639 903 2700 erit
926 2637 1052 2701 valde.

246 2748 442 2827 Ministerium
465 2767 641 2843 descripsit,
667 2765 729 2841 jnm
764 2760 973 2845 gloriam***)
998 2781 1077 2843 quo·

164 2886 224 2948 que
245 2870 403 2951 describit:
438 2871 726 2948 posl'minislerium
751 2870 813 2933 iore
835 2888 903 2932 eum
925 2870 956 2931 in
978 2869 1078 2946 gloria

105 2970 119 2979 ’“
164 2991 257 3052 super
278 2992 383 3038 omnes
414 2993 512 3053 reges.
555 2976 744 3053 Quamquam
776 2984 876 3038 aulem
907 2976 1008 3052 possit
1029 2975 1077 3035 in-

50 3079 53 3088 '
126 3133 132 3140 .
163 3080 316 3155 telligi'de
339 3080 448 3155 glorio,
471 3076 561 3169 duam
583 3070 690 3170 hebuit
712 3081 740 3142 in
773 3078 834 3141 vila
869 3080 948 3157 opud
970 3079 1075 3140 bonos

96 3235 99 3240 .
162 3201 202 3246 ex
222 3182 388 3258 miraculis,
423 3195 521 3248 tamen
543 3174 608 3264 'ego
631 3188 754 3250 alteram
781 3187 959 3246 sententiam
982 3184 1074 3255 mulo,

102 3314 107 3327 ,
162 3291 244 3369 quod
267 3290 401 3369 tempore
422 3282 593 3359 'seruitutis'
607 3310 669 3354 rem
700 3300 841 3368 gesturus
863 3282 903 3351 'sit
923 3290 1094 3371 gnaviter„

162 3403 191 3456 el
213 3403 282 3473 posl
304 3405 429 3458 mortem
452 3378 480 3457 io
503 3373 624 3459 sumum¹
644 3398 740 3472 gloria
762 3390 866 3472 ertt1)

158 3515 363 3530 μ

213 3572 381 3641 ‘JEnarrat
409 3588 464 3641 cap.
495 3511 536 3626 53.
574 3572 616 3637 ”-)
645 3568 757 3625 Collalio
793 3567 895 3681 Christi
924 3575 952 3653 el
985 3565 1068 3623 liora

161 3663 227 3732 m)
247 3663 333 3718 Gloria
352 3664 456 3719 Christi
810 3670 831 3697 ··

205 3761 236 3827 i)
275 3760 368 3818 Irr.ed
389 3758 460 3820 15³2
478 3759 590 3830 legitur:
608 3760 636 3814 iu
654 3746 754 3815 summu
770 3747 914 3826 inffatam
966 3778 969 3783 ·
1070 3748 1077 3761 ’
