2258 4170
15 224 19 237 ,
74 159 78 170 ’
113 162 176 229 388
434 164 577 226 Enarratiu
599 164 712 224 uberior

114 311 383 422 dere,tamt1ua'm
405 361 474 409 crnn
496 344 598 421 punito
619 344 710 425 unius
734 349 788 404 sut
810 341 934 403 alterius
955 344 1020 435 anui,

91 451 196 530 ,quud
227 452 267 512 sit
288 452 420 512 iuturus
426 466 483 511 rex
503 450 651 521 blandus,
684 448 828 527 puerilis,
860 447 977 519 suavis,
1004 428 1020 512 u
1057 484 1061 497 ·

111 575 173 637 quo
196 556 284 617 tacite
306 550 407 618 omnia
429 557 607 632 impetrare,
638 556 667 615 in
690 571 753 632 quo
776 541 901 614 etcum
923 569 994 633 quo
996 562 1020 616 te

111 664 270 734 delectare,
293 679 333 722 ex
345 678 407 737 quo
421 677 572 722 summam
591 662 780 738 voluptutem
796 673 911 736 capere
922 659 1020 734 possis.

196 760 343 843 Quemvis
379 774 479 828 autem
510 782 587 863 puer
616 748 672 838 sit,
708 763 910 826 nihilominus
936 770 1020 827 umen
1058 784 1062 791 ·

78 914 86 928 -
112 881 160 936 est
175 881 205 936 et
225 872 366 934 domiuus
389 889 425 932 ae
447 874 600 949 princeps.
628 871 709 932 Puer
730 878 789 942 est,
811 886 852 931 ne
874 861 1022 947 quisquam

113 982 152 1040 ub
175 996 213 1040 eo
235 979 437 1049 deterreatur,
459 984 490 1038 et
511 977 570 1038 sibi
592 977 631 1038 ab
653 991 690 1037 eo
713 983 848 1051 metuat;
893 975 1022 1037 Dominus

111 1093 160 1147 est
190 1093 220 1145 et
249 1084 406 1160 princeps,
439 1099 477 1145 ne
505 1072 667 1160 quisquam
690 1078 761 1143 eum
781 1088 964 1143 contemnat.
998 1081 1023 1142 iu

111 1190 241 1252 historia
273 1189 452 1265 evangelica
479 1188 556 1249 mira
577 1196 607 1250 et
626 1187 814 1249 incredibilis
835 1203 911 1263 erga
931 1188 1025 1265 poeni-

109 1304 210 1370 tentes
231 1302 269 1356 -et
290 1295 364 1372 pios*
382 1293 450 1371 ejus
468 1301 520 1361 est
542 1283 726 1366 humanitas,
749 1294 884 1356 comites
907 1309 944 1355 sc
965 1310 1024 1356 sua·
1066 1327 1069 1343 =

76 1410 79 1415 ·
114 1400 204 1464 vitus.
231 1386 286 1465 Est
299 1409 329 1461 et
345 1400 527 1478 simplicitas
553 1408 645 1472 tanta,
668 1407 700 1462 ut
721 1398 771 1461 hic
792 1399 925 1461 inientes
947 1400 1038 1491 etiam¹
1066 1410 1069 1423 ·

59 1518 66 1526 ’
113 1523 261 1584 superare
286 1507 437 1573 videatur.
466 1506 519 1568 Sic
540 1522 576 1569 se
592 1504 749 1579 submittit,
772 1505 820 1567 sic
843 1504 1025 1591 dejicietur

65 1619 67 1623 ’
110 1630 146 1675 se
169 1613 355 1675 tractabilem
377 1622 407 1675 et
429 1611 583 1674 affabilem
605 1611 740 1682 exhibet,
760 1617 796 1673 ut
818 1613 954 1691 apostoli
970 1631 1031 1678 cum

97 1735 149 1791 ,eu
165 1718 275 1795 ,quasi
288 1719 406 1791 ludant,
435 1728 465 1781 et
485 1719 585 1781 minus
608 1735 677 1779 eum
699 1724 850 1807 metuant,
879 1735 973 1798 quam
991 1722 1028 1782 iu·

64 1874 68 1881 .
111 1827 260 1886 tantuium
278 1825 423 1901 aliquem,
442 1832 503 1886 tum
515 1825 661 1886 blandum
684 1841 720 1886 ac
740 1840 860 1887 comem
883 1841 920 1887 se
936 1812 1027 1904 regem

110 1947 183 1992 esse
197 1930 338 2007 ostendit,
355 1938 388 1991 ut
409 1948 427 1991 a
449 1947 544 2017 puero
566 1929 641 1993 nihil
662 1930 803 1993 videatur
822 1929 959 1996 differre.
985 1933 1028 1994 Ni·

84 2035 151 2098 -hii
180 2035 231 2097 iric
257 2036 316 2097 nisi
339 2036 412 2097 meri
440 2039 545 2127 tusus,
581 2036 746 2099 blanditiae
766 2044 797 2099 et
815 2037 1028 2114 jucunditates,

108 2142 232 2221 quando
254 2142 414 2204 nobiseum
437 2122 509 2219 agit.
595 2140 618 2214 J

191 2247 287 2309 Nobis
315 2255 415 2309 temen
445 2257 492 2310 est
512 2264 605 2326 puer,
640 2250 693 2329 qui
714 2250 744 2310 in
766 2206 850 2327 iilum
872 2251 1029 2325 credimus,

109 2353 213 2431 impiis
239 2370 313 2414 vero
335 2371 395 2414 ιιοιι
417 2361 465 2415 est
485 2370 571 2432 puer,
587 2354 649 2416 sed
671 2347 784 2417 tulmen
804 2364 836 2419 et
857 2359 1029 2422 tremendus

104 2448 211 2534 judex,
234 2477 290 2520 nec
308 2461 385 2537 ipsis
403 2468 493 2521 natus
515 2466 571 2533 est,
594 2461 649 2522 sed
671 2462 773 2525 nobis.
798 2462 877 2540 Nus,
899 2465 1030 2548 inquam,

108 2565 161 2643 qui
195 2566 383 2628 credimus
375 2584 406 2629 m
432 2583 516 2639 eum,
553 2565 703 2629 habemus
730 2575 792 2629 tem
821 2571 977 2648 piacidum
1004 2579 1030 2634 et

107 2671 269 2749 benignum
292 2689 410 2777 regem,
442 2688 479 2733 ac
506 2674 533 2734 si
555 2673 740 2737 haberemus
755 2677 942 2767 puerulum,
964 2695 1026 2740 cum
1065 2722 1068 2727 »

110 2795 174 2856 quo
191 2762 388 2840 securissime
410 2784 441 2839 et
461 2772 648 2842 suavissime
669 2780 781 2855 ludere,
803 2799 843 2843 ex
865 2800 932 2860 quo
954 2785 1029 2845 miri·

106 2883 217 2945 ticam
226 2891 256 2944 et
282 2901 433 2947 summam
466 2886 654 2963 voluptatem
676 2886 834 2965 percipere
852 2905 1026 2965 possemus.

46 3004 49 3008 ·
108 2987 184 3062 Quid
202 2989 281 3050 enim
297 2990 494 3062 tremendum,
506 2976 591 3069 -quid
607 2993 800 3054 metuendum
819 2994 848 3055 iu
866 2988 907 3056 et
928 3011 1027 3072 regnu,
1067 3052 1069 3057 .

4 3154 6 3158 ,
105 3095 188 3173 quud
216 3096 306 3157 nuliis
329 3097 462 3157 externis
484 3095 581 3159 armis
604 3097 852 3160 administratur?
896 3100 945 3159 An
967 3116 1024 3159 me·
1067 3166 1069 3183 Ι

105 3200 236 3262 tuendus
265 3202 306 3274 is,
342 3203 394 3277 qni
421 3188 562 3277 iacetiu
593 3206 748 3282 praesepi,
783 3204 836 3281 qui
866 3204 980 3280 pendet
998 3204 1024 3264 in

82 3303 208 3376 eruca,
232 3307 285 3383 qni
307 3315 452 3383 tanquam
477 3311 545 3371 ovis
568 3310 605 3370 ad
630 3310 777 3371 ianieuum
800 3327 837 3370 se
859 3309 931 3370 duci
955 3311 1025 3389 pati-

103 3409 174 3469 turt
194 3412 248 3487 qni
263 3413 340 3474 uitro
355 3415 481 3477 moritur
502 3432 558 3492 pru
581 3415 656 3489 suis,
677 3415 780 3493 qui‘in
803 3413 887 3477 ulnis'
909 3423 939 3476 et
961 3417 1025 3477 sinu
1066 3480 1069 3489 ,

102 3516 210 3575 matris
239 3517 382 3593 quiescit,
416 3521 468 3597 qui
484 3512 580 3596 'sugit
609 3522 744 3584 uberat·
765 3520 844 3596 Quid
879 3521 933 3582 tati
955 3538 1025 3599 rege

103 3621 275 3699 placidiust
304 3624 377 3702 quid
398 3626 497 3688 minus
513 3608 736 3688 metuendum?
783 3626 846 3690 Gur
865 3644 942 3704 ergo
965 3633 1028 3690 me-'

53 3719 56 3725 ’
102 3726 165 3831 tuis
194 3728 249 3819 tibi
278 3730 317 3791 ab
351 3730 424 3792 iilo?
449 3744 452 3750 ·
475 3731 540 3794 Nun
564 3741 626 3807 est,
661 3732 930 3817 quud-trepidem
968 3740 1069 3798 nuu'·
