2258 4170
447 168 513 255 Gap.
527 160 583 232 ¹53.
604 150 714 228 Ειιίιιζ
786 181 791 191 ·
914 114 917 121 ¹
947 204 956 259 '.
976 158 1039 228 489

87 304 190 409 'sset
203 344 284 419 audi,
304 329 419 411 iaciens
440 330 687 424 etseorisentiens
703 323 768 425 pari
783 316 1034 425 poenapteetnn
1101 402 1109 422 ,

125 461 190 526 tur,
219 460 280 514 tute
296 469 369 519 ¹eum
392 455 605 532 peecatoribus
620 459 835 516 vconversatus
856 468 907 523 es,
940 439 1035 514 Sane·

126 564 225 623 torum
254 565 285 620 et
310 557 545 623 Pharisaeorum
574 567 606 621 et
635 557 810 621 Scribarum
848 557 1036 620 consortium

126 662 243 735 sitast,
271 664 392 728 inautus
413 681 448 727 es
470 672 575 749 eontra
600 666 699 742 iegem
721 672 778 727 ιιι.
821 662 901 741 Ergo
923 679 958 724 es
981 661 1038 723 inr-

126 767 258 831 mundus
279 776 310 830 et
330 746 503 837 damnatus
544 770 576 832 in
597 752 770 833 desertione
798 768 877 832 haee
897 767 1038 831 diabolus

125 877 248 954 egregie
270 892 457 954 exaggerare
477 877 571 949 novit,
593 878 676 954 quod
699 870 782 938 tanta
804 883 937 952 persona
956 874 1038 946 tatia,

126 985 213 1043 tanta
243 989 274 1043 et
304 989 366 1044 tarn
394 981 576 1045 horribiliter
603 982 745 1043 omnibus
778 980 883 1060 Διιιοιιίι
919 974 1040 1056 patitur,

84 1133 92 1138 .
124 1086 227 1146 omu‘a
250 1086 345 1149 voluit
371 1086 547 1160 exhaurire,
576 1087 723 1166 quidquid
754 1093 803 1149 est
831 1086 1036 1164 peecatorum,

126 1190 276 1263 monium,
299 1191 482 1265 morborum,
504 1193 708 1255 calamitatum
723 1199 796 1253 ιιι.
810 1192 882 1252 ideo
895 1189 955 1250 ista
976 1204 1037 1250 nou

125 1303 258 1372 possunt
277 1298 355 1359 satis
376 1297 550 1362 inouieari:
579 1300 714 1361 Persona
735 1296 936 1366 minimest,
964 1310 1039 1371 ergo

123 1406 218 1462 etam
238 1402 350 1464 iactum
372 1410 402 1465 et
423 1405 530 1482 passio
551 1403 676 1466 infinita.

209 1507 280 1585 ipse
296 1524 464 1585 pereussos
476 1516 524 1572 est
545 1511 651 1581 aiteo,
672 1524 733 1571 non
747 1510 846 1571 sotum
863 1507 913 1568 iiia
926 1506 1040 1599 speeie,

129 1626 190 1688 qia
213 1621 416 1676 conversatus
444 1608 493 1677 est
519 1631 588 1679 oum
615 1613 808 1713 hominibus,
844 1612 896 1690 qui
915 1617 1039 1688 reputa·

126 1723 197 1779 runt
227 1714 297 1780 eum
326 1720 528 1783 novissimum
564 1709 712 1793 virorum,
746 1719 809 1787 sed
838 1718 899 1780 ista
933 1716 1039 1794 passio
1074 1768 1078 1773 .

110 1821 217 1909 ‘etiam
257 1823 393 1888 desierat
429 1826 601 1916 certissimo
633 1831 826 1937 argumento,
863 1839 932 1885 eum
967 1838 1069 1886 esse

127 1927 155 1989 b
177 1927 250 1993 odio
271 1894 336 1995 Dei

100 2062 105 2067 ·
209 2034 272 2096 ista
300 2037 361 2097 tela
386 2022 481 2113 ignith
508 2052 565 2100 nos
586 2043 735 2115 perpetuo
760 2022 983 2119 sensissemus,
1012 2032 1040 2096 si

107 2128 188 2202 'non
210 2139 391 2219 extinxisset
410 2158 449 2203 ea
469 2143 499 2204 in
520 2159 580 2205 suo
600 2141 693 2204 eorde
711 2141 869 2217 sanguine.
901 2139 978 2200 ilino
993 2139 1041 2227 ,ait
1095 2212 1098 2217 .

126 2251 218 2333 autor
249 2245 398 2324 epistolae
429 2245 468 2308 ad
502 2245 653 2318 Ειιιιοι,
689 2246 845 2309 Habemus
866 2245 1040 2309 Pontificem

127 2364 185 2428 per
211 2350 312 2413 omnia
333 2357 478 2414 tentatum
506 2361 561 2415 ete
604 2352 699 2415 Nemo
721 2359 823 2431 potest
845 2352 935 2413 -idem
956 2351 1039 2449 ¹pati,

126 2453 212 2533 quoti
233 2454 373 2520 christus
395 2473 510 2537 passus
532 2466 594 2531 est,
626 2456 842 2535 nutia‘passio
872 2464 920 2519 est
941 2455 1039 2533 maior

126 2558 156 2622 iu
188 2561 250 2623 uilo
277 2560 406 2634 saneto,
436 2579 519 2642 quae
552 2578 612 2629 nou
634 2562 750 2655 major
776 2563 816 2625 sit
848 2563 878 2623 in
907 2546 1037 2625 Christo.
1096 2590 1099 2603 ·

126 2663 203 2728 Nam
226 2674 350 2744 propter
362 2676 490 2746 peecata
503 2677 608 2732 nostra
621 2670 798 2731 vutneratus
818 2675 874 2741 est,
895 2675 925 2730 et
947 2664 1040 2746 prop·

125 2778 173 2834 ter
192 2771 368 2851 iniquitates
389 2781 512 2845 nostras
535 2775 692 2867 contritus.

125 2958 348 3037 Disoipiina
386 2964 499 3038 paeis
528 2969 692 3053 nostrae
718 2976 840 3040 super
867 2977 969 3036 erum,
1001 2967 1039 3024 et
1106 2924 1110 2930 .

312 3066 438 3128 livore
459 3065 545 3144 ejus
566 3069 696 3131 sanati
719 3084 862 3137 sumus.

205 3192 318 3255 Petrus
340 3200 422 3256 reete
449 3195 560 3274 aliegat
588 3212 715 3258 oausam
742 3195 899 3273 passionis
919 3195 1039 3271 Domini

124 3296 223 3358 nostri
244 3297 318 3359 Jesu
346 3297 472 3372 christi,
502 3308 674 3377 causaest
704 3308 864 3389 peecatum
892 3288 1039 3374 nostrum,

82 3443 87 3451 -
125 3403 259 3475 innotus,
296 3420 359 3481 pax
386 3412 418 3466 et
452 3406 569 3469 sanitas
605 3415 719 3469 nostra.
736 3422 744 3433 ·
761 3406 826 3469 Non
860 3407 943 3469 enirn
973 3414 1038 3468 erat

82 3521 85 3527 ·
125 3506 217 3569 nobis
238 3508 406 3573 nilasaius
428 3512 483 3595 vet·
500 3529 569 3589 pax,
592 3512 648 3574 sed
670 3512 862 3579 abomitibus
882 3512 1039 3585 mortibus,

127 3612 279 3689 pereatis,
314 3615 513 3689 couscientia,
543 3624 697 3694 potestate
719 3617 830 3680 diaboii
848 3617 964 3680 iiberati
986 3634 1038 3681 su·

124 3732 196 3781 mus
216 3734 272 3796 per
293 3717 460 3794 Christum,
498 3721 577 3785 haee
606 3724 706 3786 omnia
734 3723 882 3801 absorpta
909 3730 980 3787 suat
1007 3724 1037 3786 in

1088 3694 1107 3751 ι.
