2258 4170
514 146 624 241 denno
813 216 816 221 ·
866 176 920 238 Ἰ.
968 162 1029 235 123
1086 200 1108 266 ᾗ

57 406 61 415 .
107 363 151 423 bit
169 361 224 422 bio
246 361 398 438 duplicem
411 359 617 444 ooptivitutem
630 355 677 435 ΙΡ),
700 373 768 419 nom
795 346 1027 439 [distinguendo

83 510 86 517 -
109 467 185 529 bueo
207 476 289 538 snut,
313 464 415 544 pnt'vis
435 473 466 526 et
487 460 615 526 vidente.
657 465 744 539 Prius
766 465 846 525 enim
868 460 1024 536 signifieat
1099 477 1111 543 j

111 575 299 652 corporalem
313 563 531 649 captivitatem,
548 573 703 647 posterius
713 578 815 631 nutem
826 568 1023 649 spirituatem,

57 702 61 749 ·,
82 694 85 699 ·
113 687 256 758 quaeest
276 679 335 740 sub
354 679 475 753 tegibus
488 684 518 737 et
539 675 752 737 traditionibus
770 683 855 736 extro
864 664 1026 735 Christum.

115 784 279 863 captivitas
301 783 380 844 enirn
404 782 611 853 eonscientiae
632 790 689 852 est,
718 798 780 859 qus
809 781 901 841 homo
932 776 1028 856 cepti-

116 901 199 954 nntnr
220 890 363 969 opinione
375 888 444 951 totsi
466 885 593 965 peceati.
636 887 693 961 Ubi
716 887 794 948 enim
810 885 950 947 Christus
967 900 1027 945 non

116 1000 189 1059 lueet
211 997 241 1056 in
265 994 424 1069 cordibus,
447 994 488 1055 ibi
509 993 701 1070 impossibile
722 1000 770 1081 est
793 991 943 1053 bominem
966 987 1025 1050 sibi

117 1120 168 1165 nou
189 1103 291 1163 iecere
308 1090 515 1177 eaptivitetem
529 1117 567 1160 ex
588 1099 715 1173 tegibus.
738 1084 846 1160 'Retio
869 1096 948 1157 bueo
968 1101 1024 1187 est,
1070 1169 1075 1177 Ι
1102 1164 1105 1170 ,

116 1207 191 1287 quod
212 1205 309 1268 homo
336 1200 621 1293 naturaliterlhonc
649 1202 968 1283 supientiambabet,
997 1199 1025 1261 si
1084 1216 1096 1225 ·

89 1316 93 1330 '
114 1313 167 1375 boo
188 1318 219 1374 et
240 1311 302 1372 hoo
323 1328 384 1372 non
407 1310 591 1382 servaveris
609 1311 818 1388 damnaberis.
890 1324 893 1329 ·

84 1428 88 1437 ·
187 1414 258 1478 Hu'o
283 1416 399 1478 tnoinut
433 1404 564 1494 tyronn'i-
585 1419 759 1496 corporales
789 1423 819 1477 et
846 1413 1029 1491 spirituales,

111 1523 158 1603 qui
192 1525 363 1601 exiguntn
394 1522 485 1584 nobis
512 1521 592 1598 tegis
620 1531 650 1585 et
678 1524 804 1585 otiorum
834 1518 1026 1587 traditionum

109 1646 209 1707 opero.
254 1629 286 1689 ln
308 1621 565 1690 ecetesin'outem
581 1622 623 1690 'et
644 1629 706 1691 fide
728 1629 837 1693 christi
862 1641 961 1704 neque
983 1625 1025 1686 oi·
1069 1643 1072 1648 ·

107 1735 188 1803 nites
212 1749 318 1811 neque
339 1718 461 1796 diuinae
480 1736 566 1811 teges
583 1735 661 1796 Most
683 1735 899 1796 conscientiam
922 1734 1024 1809 ligant.

106 1848 157 1902 out
184 1839 349 1911 damnant,
381 1838 502 1901 extendi
526 1832 610 1900 'enim
641 1840 752 1903 debent
785 1849 901 1902 tontum
933 1853 1027 1916 snper

104 1961 220 2022 eorpus
244 1954 275 2005 et
295 1961 348 2005 res
368 1943 540 2027 eruemus}
574 1945 654 2022 Ergo
676 1946 893 2008 conscientium
916 1944 1028 2006 iibera-

105 2059 166 2112 tom
188 2049 413 2134 percbristum
436 2051 616 2114 eorom'iien
638 2069 695 2113 noo
704 2053 826 2114 taedere
843 2068 899 2113 neo
920 2050 1026 2127 juvare

105 2157 242 2237 debent·
272 2155 323 2239 [Et
338 2146 530 2219 'conscientia
551 2152 692 2219 debet'iu
706 2157 835 2232 Christo,
856 2159 909 2239 qui
932 2175 1026 2237 super

106 2271 138 2322 et
156 2271 246 2323 extra
268 2277 376 2324 omues
394 2264 485 2338 ,leges
508 2271 572 2332 est,
599 2261 755 2345 haerere],
776 2273 806 2325 et
828 2273 937 2342 posteo
958 2265 1026 2351 itiop

106 2369 192 2443 teges
205 2362 372 2429 servarein
388 2368 520 2429 oidoiuru
534 2369 679 2441 caritatis,
696 2378 782 2431 extro
794 2372 1025 2463 conscientium.
1064 2428 1068 2434 .

111 2470 163 2554 [tn
196 2471 275 2533 hneo
296 2481 344 2535 est
370 2473 495 2535 libertos
528 2473 785 2555 Christiano”)‚
813 2476 852 2540 de
873 2495 936 2556 qua
954 2477 1045 2540 stibi-

111 2579 210 2654 ptnn
216 2578 409 2656 scripsimus

57 2728 63 2749 ⁸
114 2736 242 2804 Gratis
273 2714 488 2823 venundati
525 2747 643 2819 estis,
669 2755 701 2810 et
738 2751 824 2811 siue
863 2756 1024 2828 urgento

438 2849 693 2915 redimemini.

189 2974 292 3036 Gratis
311 2978 388 3037 ostis
416 2979 515 3040 troditi
537 2982 566 3041 in
589 2998 708 3071 monus:
721 2985 869 3059 gentium,
885 2985 946 3048 boo
966 2993 1023 3060 est.

57 3118 62 3171 ἱ
112 3087 212 3155 gentes
236 3096 293 3156 pro
314 3081 374 3142 isto
390 3082 558 3160 direptione
575 3102 638 3149 non
652 3089 800 3152 dederrmt
819 3108 946 3167 poenas,
965 3093 1024 3155 sed

109 3200 162 3258 pro
188 3185 316 3247 libidine
343 3203 401 3249 sno
432 3190 634 3253 vobiscum
626 3212 751 3271 impune
777 3205 911 3273 egerunt
960 3197 1024 3260 biet

57 3289 208 3365 ,igitum
237 3298 272 3349 ut
293 3309 350 3352 vos
373 3293 507 3355 vicissim
529 3299 624 3372 gratis
654 3300 851 3363 redimemini.
893 3303 943 3364 Sio
964 3320 1022 3367 nos

103 3392 196 3454 hodie
233 3396 351 3456 tiberoti
386 3415 497 3463 sumus
525 3402 643 3479 ojngo
672 3422 772 3482 popae
791 3405 868 3484 m)
918 3410 1023 3529 gratis,

173 3644 208 3709 ⁶)
229 3642 335 3711 nuptu
345 3647 482 3713 aptivitns
493 3649 634 3707 socienno.
673 3653 721 3722 ⁸⁸)
737 3654 855 3708 Libertas
866 3655 1022 3711 Christiane.

61 3794 64 3798 ἡ
97 3737 467 3819 ”disperatum
