2258 4170
146 184 210 254 391
268 264 272 287 ί
309 166 314 185 ’
466 190 611 291 Romatio
631 196 746 257 uberior

148 358 256 449 genter
273 386 313 433 nc
335 371 460 444 sedulo,
490 381 524 436 ut
545 373 677 436 subinde
698 350 894 446 crescemus,
914 381 944 436 et
964 379 1050 452 mavis

55 464 68 533 ,ἶ
144 479 308 556 magisque
329 479 508 562 roboremur
522 481 552 541 in
567 480 626 542 hac
642 481 826 557 cognitione,
847 480 949 542 donec
967 482 1051 557 pleni·
1092 509 1096 517 ·

61 567 65 587 '
104 616 114 634 0
147 585 221 646 anun
242 583 309 659 qus
331 584 390 645 iura
408 586 510 646 venta
531 586 560 647 rn
580 600 654 648 vern
674 594 704 647 a
726 586 1062 662 oosornvnaognnrona·

147 688 228 752 Gilva
248 690 475 752 meditationem
496 699 526 753 et
546 691 723 753 exercitium
753 708 816 753 nou
828 714 831 719 ·
843 679 959 754 'crescit
984 691 1052 754 baec

64 832 83 858 ·.
146 796 287 872 cognitio.
329 794 396 858 Non
411 795 515 858 statim
539 798 710 874 cognovisti
732 783 904 868 Christum,
917 795 972 858 ubl
990 808 1053 858 con·

145 904 264 964 cionem
299 916 391 963 unam
428 910 530 981 atque¹
553 903 677 964 alteram
713 897 867 965 audivisti.
909 902 977 964 Non
1007 911 1053 975 est,

54 1013 57 1017 ’
80 1062 82 1067 s
133 1008 227 1087 'quod
250 1007 353 1079 dicas,
382 1008 484 1070 audivi
506 1007 600 1071 fllium
621 1008 677 1070 Dei
698 1024 754 1086 pro
776 1023 826 1069 me
849 1014 969 1078 natum,
990 1022 1052 1084 ergo
1081 1024 1084 1029 ·

129 1113 302 1193 =Christum·
325 1114 391 1174 scio
419 1121 449 1174 et
474 1129 640 1190 cognosco.
682 1110 787 1191 Longe
815 1126 913 1175 erras.
960 1110 1053 1175 Murus

144 1220 195 1280 iile
216 1219 424 1281 sensualitatis
445 1220 586 1296 impedit,
623 1221 787 1298 quominus
816 1202 991 1293 sentiamus
1014 1218 1053 1294 lu·
1087 1281 1089 1288 ,

135 1307 364 1389 'surdissimum
391 1325 517 1418 odorem
545 1326 634 1388 istius
662 1320 797 1387 infinitae
824 1323 1052 1397 misericordiae,

144 1430 228 1511 quod
256 1435 376 1511 creator
408 1433 556 1504 omnium,
594 1439 739 1503 eltutus,
777 1437 831 1493 tua
860 1444 960 1493 eausa
976 1436 1053 1507 'puer

143 1540 258 1608 motus,
291 1546 392 1613 temam
414 1536 504 1609 ludit,
538 1552 594 1598 nee
615 1550 692 1614 puer
712 1536 762 1598 tile
780 1543 920 1608 lantum,
953 1536 1051 1599 sedet
1094 1552 1096 1557 ·

100 1662 114 1700 ι.
144 1644 281 1733 poterin
300 1644 413 1716 coelis,
437 1649 530 1721 atqua
550 1642 650 1721 angeli
670 1646 790 1706 omues.
836 1641 937 1704 cerne
956 1649 1050 1704 nostra

143 1740 340 1827 impedimur,
372 1748 536 1826 quominus
562 1749 592 1809 in
620 1747 681 1810 bac
698 1749 771 1810 ‘vde
794 1749 920 1826 plenam
941 1756 983 1809 clv
1000 1746 1050 1810 boe

29 1880 34 1891 ’
124 1844 264 1918 ¹summo
277 1847 317 1916 'et
342 1852 486 1916 ineffabili
518 1853 667 1917 beneficio
695 1855 885 1944 voluptatem
907 1852 940 1913 iu
963 1853 1050 1914 cordi-

143 1961 204 2023 bus
226 1942 540 2023 nostris's'entlamus.
621 1996 623 2005 ‚
784 2028 787 2037 ,
848 2030 854 2037 ,

225 2065 286 2126 Sed
302 2065 360 2135 ,ubi
382 2081 468 2127 muro
496 2065 546 2126 illo
574 2063 800 2135 sensualitatis,
834 2063 886 2125 ubi
909 2061 971 2126 hoc
990 2064 1051 2127 iimo

142 2179 172 2234 et
194 2152 258 2232 luto
285 2170 387 2232 earnis
415 2177 539 2255 nostpae
566 2162 698 2240 liberali,
731 2169 761 2228 ln
791 2175 947 2239 aeternam
979 2170 1078 2231 illam·

58 2325 60 2329 .
140 2277 235 2359 vitam
256 2276 505 2354 pervenerimus,
539 2274 582 2336 ibi
610 2275 649 2337 de
676 2273 823 2336 ineffabili
853 2275 905 2336 ilio
938 2271 1050 2352 gaudio,

141 2383 224 2463 quod
254 2382 304 2444 bic
332 2398 412 2444 nunc
442 2382 570 2460 copiose
598 2396 654 2458 per
683 2376 1051 2443 verbum¹nobisobtnt=

92 2554 97 2562 ,
140 2488 234 2562 ditur,
269 2487 506 2565 disputabimus.
557 2487 688 2560 Beatus,
719 2487 772 2564 qui
800 2485 852 2548 bic
881 2487 1050 2551 meditando
1094 2564 1096 2583 Ι

140 2595 208 2673 ejus
229 2594 334 2672 gaudii
357 2594 416 2677 vet
442 2593 590 2655 scintillas
610 2598 643 2653 et
663 2594 796 2668 guttulas
827 2593 946 2670 aliquot
967 2592 1052 2655 sentit
1094 2590 1096 2627 ³

140 2711 170 2763 et
191 2698 401 2779 apprehendit.
444 2698 476 2758 ld
499 2706 600 2760 autem
622 2704 855 2776 consequemur,
877 2699 906 2765 si
928 2698 1051 2775 legendo

53 2882 59 2893 ,
140 2817 171 2870 et
192 2806 346 2868 audiendo
368 2820 426 2866 nos
449 2804 689 2876 exemerimus,
706 2804 799 2864 'etin
822 2803 871 2866 his
895 2805 1052 2881 cogitatia-

140 2913 248 2984 nibus,
277 2912 306 2972 in
329 2910 525 2973 suavissimis
557 2910 608 2971 tilii
630 2910 687 2970 Dei
708 2909 845 2996 lusibus,
878 2926 937 2987 per
958 2911 1053 2987 pueri·

140 3019 211 3081 tiam
233 3018 334 3095 ipsius
356 3015 445 3078 nobis
468 3016 628 3088 exhibitis,
663 3015 781 3076 animos
804 3022 930 3079 nostros
966 3032 1052 3078 oenu-

139 3125 326 3204 paverimus

668 3239 684 3277 δ

153 3286 156 3291 ’
227 3304 268 3362 '.
324 3308 869 3412 Ettiliusdatusestnobis.
930 3386 947 3423 Ι
1012 3370 1015 3375 ,

221 3438 288 3544 iiiiii
325 3454 451 3513 regnum
485 3437 596 3500 Christi
633 3439 764 3500 futurum
805 3436 1058 3515 placidissimum,

136 3544 228 3607 filiole
251 3545 433 3622 et-pueriie,
465 3545 538 3622 quia
565 3558 620 3608 rex
646 3550 751 3619 noster
771 3551 862 3604 natus
894 3553 945 3605 est
968 3545 1056 3607 nobis

137 3668 223 3731 puer,
244 3657 275 3712 el
296 3650 375 3713 iilius
395 3651 486 3712 datus
504 3659 552 3713 est
567 3651 666 3722 nobis,
687 3646 884 3728 manebitque
904 3654 939 3711 et
960 3658 1011 3713 esi
1030 3651 1059 3712 in

138 3757 397 3823 aeternumnobis
419 3757 496 3834 puer
511 3756 644 3822 altitius.
677 3756 809 3846 Singulis
832 3754 1061 3821 annis-iteratur
