2258 4170
376 78 672 193 „.?nsmc.s
801 111 1077 181 “··θῐ’

109 305 238 365 regnum,
261 297 426 352 eiomnem
441 292 494 354 Dei
518 295 639 356 collum.
661 293 716 353 Alii
740 294 853 355 maioni
874 292 956 355 hunc
976 285 1039 356 lo·—

98 384 172 456 'cum
193 398 232 456 de
251 393 375 459 Bhristo
398 399 545 475 accipere,
567 399 650 461 utsii
671 398 808 481 transilio
830 402 1021 482 acorporali

106 515 197 576 ragno
219 501 261 562 ad
283 501 478 585 spiritualc]‚
505 513 535 566 el
552 503 698 580 iustitiam
722 511 825 577 vocet,
849 522 941 583 quarn
961 523 1020 575 nos
1121 557 1124 561 .

106 623 157 685 per
173 605 334 672 ,cumulum
358 611 535 687 accipimus.
1025 597 1035 605 ’

166 791 952 879 [θεειιιιᾱι,εο·ᾱοὶιιριιινειοιίιςο.
1102 843 1112 868 0

183 925 240 987 Esl
260 926 569 1027 poollonmachema,
593 926 818 1004 qnosignifical
838 928 1018 991 destructio·
1052 900 1055 905 r

53 1112 55 1127 Ι
104 1047 172 1091 nem
214 1031 411 1094 monarchiae
448 1033 696 1111 Babyloniorum.
752 1032 793 1094 Es
832 1035 863 1094 io
896 1035 1018 1112 fastigio

53 1190 56 1231 ἰ
104 1137 216 1211 mundi,
236 1137 399 1219 descanda
419 1138 568 1218 redigeris
588 1138 620 1218 io
642 1138 852 1214 captivitatem
871 1147 930 1202 cic.

216 1289 334 1390 Tolle*
349 1330 487 1391 molam
508 1336 546 1392 cl
575 1329 708 1390 molae
728 1288 906 1392 lari'uam.

183 1455 381 1533 significatur
407 1457 467 1518 hac
493 1457 590 1535 figura
617 1464 754 1519 extrama
775 1458 919 1518 servitus.
961 1457 1018 1517 lli-

64 1608 67 1615 .
110 1568 192 1623 natur
212 1568 315 1623 autom
337 1562 389 1640 hic
415 1570 497 1625 tolus
525 1566 613 1626 locus
635 1563 814 1641 Babyloniis
835 1563 1019 1641 irreparabi·
1116 1574 1120 1586 ’

110 1669 161 1729 lam
181 1667 310 1731 ruinam.
1033 1683 1040 1691 “

323 1857 479 1921 Banuda
499 1852 786 1938 turpitudinem.
883 1853 892 1930 f

183 1984 286 2046 Verte·
307 1986 369 2048 sic:
410 1986 556 2050 Bisaolva
575 1986 703 2051 fasciam
731 1993 829 2058 luam,
861 1993 891 2047 cl
922 1987 1018 2061 danu-

53 2120 55 2128 ·
106 2089 141 2159 da
174 2070 322 2168 plantam
338 2091 443 2167 pedis,
473 2091 534 2155 hoc
562 2100 624 2165 esi,
654 2092 775 2153 amilles
792 2092 957 2167 politiam,
986 2098 1016 2152 el

103 2199 220 2256 omnem
242 2197 369 2272 gloriam
401 2204 495 2259 tuam.
537 2198 620 2259 Idem
646 2195 808 2270 sequeutia
836 2192 1029 2272 significant..
1058 2239 1066 2255 ι

104 2301 203 2364 Vclnil
224 2302 305 2363 anim
328 2303 479 2381 propheta
507 2305 598 2367 claris
626 2312 657 2366 el
684 2300 787 2363 multis
814 2302 917 2363 verbis
939 2318 1016 2364 suos

100 2408 264 2479 consolari,
285 2408 419 2472 iulurum
441 2419 473 2473 ul
495 2412 594 2473 omnis
617 2409 751 2488 polcnlia
766 2405 818 2486 ¹),
840 2423 1019 2478 successum,

54 2566 59 2571 .
101 2519 130 2572 cl
160 2512 327 2577 dominallo
349 2515 540 2594 Babyloniis,
567 2515 620 2593 qui
649 2530 704 2578 cos
733 2521 841 2590 captos
863 2513 1015 2583 tonabant,

57 2617 253 2696 .·eripialur.
794 2628 800 2641 “

181 2806 314 2870 Iratus
336 2825 416 2873 sum
438 2827 564 2889 supcr
584 2809 775 2889 populum
797 2823 931 2868 mcum.

181 2934 262 3012 Lege
283 2937 314 2998 in
337 2938 515 3014 praeterito:
557 2938 655 2999 Iralns
676 2937 732 3008 lui,
755 2936 803 2996 vel
824 2952 891 2998 cum
918 2936 1015 2997 italus

106 3056 200 3102 essem
222 3048 281 3104 eic.
323 3042 477 3122 Proph'ala
498 3044 576 3107 anim
598 3042 649 3105 hic
674 3040 827 3118 significat
854 3047 1013 3118 peccalum

76 3218 80 3226 Ι
105 3128 349 3224 Babyloniorum,
383 3142 445 3227 q'uo
466 3157 639 3213 meruerunt
660 3154 762 3210 lanias
783 3162 909 3226 poenas.
951 3147 1014 3209 Vo-

53 3246 57 3285 ·.
103 3252 140 3314 lui
160 3270 226 3326 voc,
247 3254 355 3342 inquil,
371 3253 524 3332 flagellum
541 3254 645 3335 populi
666 3254 724 3316 mai
745 3269 827 3330 orac,
847 3269 909 3316 non
924 3253 1015 3327 volui,

101 3365 129 3420 ιιι
148 3360 272 3437 penitus
294 3377 365 3424 cum
388 3362 568 3443 peccantis,
591 3360 623 3423 id
645 3361 730 3440 quod
753 3375 811 3424 noa
831 3357 982 3438 cogitatio.

96 3549 305 3567 m

163 3692 196 3763 l)
217 3692 248 3746 ln
268 3691 330 3748 edil.
351 3689 420 3746 15³2
439 3690 553 3753 additum
575 3699 630 3746 cal:
649 3687 800 3838 rapicnli5a..
