2258 4170
188 1404 200 1439 k

235 1592 239 1600 Ι
325 1493 415 1578 tamt
436 1492 667 1578 quadragesim
688 1493 857 1578 acumini

186 1656 403 1744 {Aursrvimus
441 1659 590 1724 hactenus
627 1662 787 1741 copiosam
829 1632 1039 1725 tractationem

98 1765 253 1842 iustitiae
273 1766 366 1840 fidoi,
398 1784 480 1845 quaa
508 1783 697 1845 quamquam
718 1767 840 1829 infirma
858 1775 906 1830 cst
928 1768 957 1829 in
980 1767 1050 1829 hac¹

104 1889 217 1946 carne,
244 1881 350 1935 tamen
370 1873 515 1951 opposuit
537 1889 605 1938 eam
627 1872 770 1947 omnibus
791 1874 914 1952 pompis
943 1873 1040 1937 idolo·

104 1995 177 2040 rum
202 1986 238 2040 et
260 1979 419 2041 humanae
440 1978 590 2055 iustitias,
619 1979 704 2057 quod
730 1980 846 2042 scilicet
868 1996 964 2057 opera
986 1980 1041 2041 Dei

106 2091 196 2146 stant
232 2091 267 2146 ct
297 2085 425 2157 durant,
457 2092 487 2146 et
518 2084 613 2146 verba
633 2084 689 2146 Dei
711 2092 886 2147 certarsunt
907 2092 936 2147 et
957 2077 1040 2148 flunt.

110 2189 319 2253 Eiectrssnma
332 2198 434 2253 autem
446 2191 588 2268 genuum
611 2190 762 2252 idolorum
772 2196 803 2253 et
814 2189 1041 2264 rustitianorum
1076 2223 1083 2233 -

111 2313 188 2358 essa
213 2297 476 2359 abominationem
505 2297 588 2359 dicit.
630 2293 742 2374 tami)
780 2297 871 2372 igitur
897 2297 974 2358 redit
1002 2295 1050 2356 ad¹

114 2401 296 2481 Christum,
330 2404 420 2481 quasi
451 2403 546 2464 dicat:
589 2400 759 2464 Ostendam
788 2402 895 2475 vobis,
927 2402 956 2464 in
978 2372 1041 2480 quo

61 2536 68 2595 p
115 2509 184 2579 ista,
211 2507 383 2586 quaejam
406 2509 590 2608 praedicavi,
610 2508 851 2570 cumulatissime
870 2508 1042 2581 inveniatis,

116 2613 265 2677 Christus
280 2612 334 2692 **)
358 2616 386 2677 is
407 2622 463 2677 est
507 2597 594 2677 Hunc
616 2614 708 2690 igitur
722 2614 865 2692 proponit
877 2613 1041 2685 doctorem,

115 2722 314 2798 magistrum,
337 2735 374 2782 ac
394 2726 550 2792 rectorem,
573 2737 664 2798 quem
686 2704 858 2792 audiamus,
880 2711 916 2780 et'
931 2719 960 2779 in
979 2735 1041 2798 quo

74 2866 91 2917 .·
113 2825 319 2889 haereamus.
361 2825 407 2887 De
437 2825 525 2902 cujus
555 2826 650 2889 verbo
683 2832 713 2887 et
741 2842 835 2903 opere
856 2826 954 2887 simus
976 2841 1042 2886 cer·
1122 2876 1125 2888 .

112 2933 242 2997 tissimi.

334 3117 433 3182 Ecce
462 3136 605 3182 servus
628 3116 831 3199 uacuam).
885 3108 888 3117 '

80 3302 83 3309 ,
198 3248 271 3309 Hoc
293 3247 453 3325 diiigenter
469 3247 698 3310 observandum
731 3248 893 3325 estquod
915 3264 1040 3310 servum

111 3353 197 3443 dicit,
221 3352 485 3432 quemadmodum
506 3342 619 3418 Paulus
628 3350 726 3433 iiii)
749 3354 860 3416 etiam:
881 3353 947 3432 Ego
968 3353 1040 3437 nihii

188 3634 225 3702 ‘)
244 3635 354 3689 Samara
372 3631 490 3703 Capi2.
515 3634 563 3699 ⁸¹⁸)
581 3632 612 3686 ln
630 3630 734 3687 Christo
752 3635 848 3719 omnia
858 3636 1041 3719 copiosiorimc

110 3729 240 3779 inveniri
282 3728 347 3792 ω)
365 3727 485 3803 Enarrat.
506 3725 569 3798 Cap.
587 3727 631 3784 42.
673 3728 757 3802 Μ’)
777 3731 802 3788 1.
820 3728 883 3789 Cor.
899 3730 928 3788 2.
980 3720 984 3729 ¹

830 3841 881 3915 μ
