2258 4170
279 139 307 243 ‘¹
362 172 380 245 ”,
426 160 699 256 cantationes.
772 160 809 207 ·'
942 166 1020 237 '493

146 375 163 390 ‘
188 356 267 433 Quid
282 364 369 436 'ergo
396 357 562 443 gloriantur
588 356 696 420 iudaei
705 362 715 430 g
742 370 781 418 se
808 370 867 432 pro
891 355 1019 418 aliorum
1058 380 1061 389 ·

99 463 245 539 peooatis
275 464 353 541 pati,
385 478 455 530 oum
483 478 542 525 neo
560 479 627 526 sua
650 462 769 535 videro,
803 457 896 523 multo
918 461 1026 546 minus.
1063 450 1077 502 Γ

97 562 212 631 'toliere
232 570 367 647 possint,
381 576 594 640 ‚excaecantur
614 570 682 647 iege
703 552 898 644 et.justitia,'
912 572 1020 643 putant

97 690 138 735 se
162 690 291 737 servare
318 674 432 752 legem,
465 674 522 739 sed
551 676 654 763 omnia
675 681 746 736 sunt
767 688 847 734 vana
868 679 899 733 et
919 671 1020 750 hypo·

96 779 339 854 oritioa,1nulia
360 780 490 853 sanitas,
526 796 604 858 pax4
636 781 718 847 nulia
745 778 886 840 'remissio
907 792 1036 861 peooa·¹
1067 794 1071 798 ·

83 870 294 960 torumsni‘si
317 875 371 962 p'er
393 887 518 947 vulnera
540 879 659 947 brachii
674 882 803 960 Domini.
816 941 820 951 ,
835 872 921 946 Sicut
942 883 1020 955 ovis,

96 989 219 1070 inquit,
257 986 443 1066 airammum
488 992 702 1068 unusquisque
740 990 770 1050 in
813 982 896 1050 viam
930 1005 1018 1050 suam

96 1097 276 1159 declinavit.
331 1094 407 1158 Ovis
444 1097 618 1174 proprietas
640 1103 718 1169 est,
762 1111 855 1172 quam
888 1093 1021 1157 ostendit

96 1200 258 1281 scriptura
277 1189 384 1267 sanata
406 1201 509 1272 Matth.
531 1199 626 1277 9,.Et
647 1208 733 1263 erant
753 1201 834 1263 siout
854 1185 931 1263 oves
953 1199 1017 1262 dis-
1093 1175 1097 1193 ⁸

83 1324 224 1386 „persae
245 1324 306 1369 non
326 1305 477 1369 habentes
498 1316 663 1385 pastorem,
685 1315 715 1369 st
735 1305 844 1389 Ezooh.
858 1303 908 1380 34,
931 1304 1043 1399 Quodx

98 1404 244 1491 saueiiat
265 1412 398 1490 dispersi
419 1394 479 1475 m'ei
494 1403 614 1492 greges.
641 1411 689 1474 nd
710 1411 772 1477 hoo
792 1410 1018 1477 alludit'Petrus
1053 1401 1069 1459 ‹'

99 1522 213 1583 volens
236 1517 318 1580 huno
339 1519 440 1581 iocum
462 1506 626 1597 eupiioara.
1023 1515 1025 1520 ’

137 1644 141 1650 ·
184 1625 284 1693 Eratis
305 1625 387 1687 siout
417 1625 689 1704 oves.dispersae
715 1631 746 1686 et
774 1632 943 1698 errantes„
959 1624 1017 1691 ssd
1094 1618 1098 1629 '

103 1732 250 1794 conversi
271 1730 314 1805 ad,
332 1731 512 1817 episcopum
535 1731 702 1794 animarum
716 1736 888 1793 vestrarum
910 1745 1017 1793 omnes

99 1851 240 1900 erramus
261 1838 452 1910 sieutnves,
474 1838 516 1899 ibi
537 1841 754 1927 unusquisque
773 1840 804 1928 in
824 1837 904 1898 viam
917 1818 1037 1901 ‚suam

100 1942 237 2035 deflexit
278 1941 430 2016 stoicis,
460 1943 519 2005 Via
540 1949 588 2006 est
609 1944 704 2017 bona,
735 1943 807 2007 audi
829 1943 878 2005 Pe.
901 1941 935 2016 i,
956 1942 1016 2009 ubi

98 2030 199 2141 inquit
226 2049 292 2122 ria,
320 2047 480 2125 cathedra,
508 2049 669 2111 consilinm
692 2056 902 2127 peecatorum,
925 2049 1015 2111 viae

98 2153 218 2217 dextris
245 2155 359 2226 bona,
371 2164 390 2214 a
417 2153 549 2217 sinistris
581 2172 640 2218 non
672 2155 769 2230 bona,
789 2154 893 2253 quia
906 2169 1014 2218 omnes

97 2266 309 2342 peceaverunt
330 2260 387 2321 et
379 2276 409 2320 m
432 2260 491 2323 viis
512 2261 579 2323 suis
601 2268 790 2336 erraverunt,
812 2270 920 2324 omnes
942 2268 1015 2324 sunt
1040 2264 1046 2277 ¹

97 2367 194 2447 qnasi
225 2382 302 2429 oves
329 2364 505 2444 dispersae,
539 2383 636 2443 quae,
664 2367 716 2433 ubi
738 2348 835 2430 semei
862 2342 1042 2442 aberrant*
1099 2389 1103 2404 ¹

95 2475 165 2537 non'
185 2472 312 2535 audiunt
332 2486 440 2534 vocam
462 2471 552 2533 alieni
574 2462 724 2552 pastoris,
747 2473 801 2552 qui
822 2480 921 2551 vocat,
943 2489 1012 2537 eam
1039 2517 1041 2521 -

93 2579 255 2642 desertam
278 2592 298 2638 a
320 2593 392 2640 vero
421 2585 573 2656 pastore·
593 2596 654 2643 non
684 2578 770 2643 audit
799 2593 906 2642 vooem
936 2578 1012 2656 ejus,

94 2701 164 2763 quo
186 2687 258 2762 pins
280 2691 419 2758 vocatur,
441 2699 483 2746 ao
500 2685 600 2763 magis
622 2692 716 2760 errat,
746 2685 800 2747 ubi
821 2664 896 2749 v‘ero
918 2685 1011 2758 audit,

85 2798 210 2854 'verum
231 2797 388 2868 pastorem
410 2806 483 2855 mox
513 2791 607 2855 audit
643 2791 705 2875 Sin¹
722 2808 780 2855 uos
801 2805 909 2869 omnes
929 2807 1012 2855 erra-
1072 2827 1074 2831 ·

93 2899 218 2970 vimus,
248 2898 350 2959 nutius
378 2894 515 2959 habebat
546 2899 626 2961 viam
659 2898 784 2973 salutis,
820 2904 854 2961 ut
884 2903 1013 2969 testatur

96 3003 184 3087 Psoi.
199 2999 247 3073 tr,
268 3002 335 3064 Non
356 3012 404 3075 est
419 3002 532 3093 justus,
553 3021 615 3068 non
635 3010 691 3076 eet,
713 2985 870 3082 ouiinoiar
889 3002 1011 3079 bonnm,

92 3125 136 3172 ne
157 3125 238 3173 unus
260 3109 393 3188 quidem.
421 3110 535 3174 Omnes
556 3110 795 3185 declinaverunt,
811 3108 932 3173 inutiles
941 3111 1013 3173 iaoti

83 3225 183 3290 sunt,
209 3217 347 3281 oontritio
368 3216 398 3278 in
421 3217 487 3280 viis.
530 3219 587 3281 His
606 3223 655 3280 est
675 3216 906 3299 tituiusnoster
926 3221 1013 3279 extra
1038 3246 1043 3253 ·
1082 3204 1089 3233 ²

92 3323 259 3389 Christum.
308 3325 380 3386 ideo
410 3323 496 3403 digni
529 3330 601 3387 sunt
634 3324 705 3387 odio
736 3329 885 3402 perpetuo
921 3338 1013 3401 papa,

97 3430 213 3504 Turne,
231 3428 348 3504 iudaei,
370 3437 401 3491 et
421 3445 538 3505 omnes,
560 3431 613 3510 qui
626 3437 712 3494 extre
723 3428 877 3511 onustum
889 3434 934 3491 tot
943 3443 1012 3490 ruas
1058 3418 1062 3423 ’
1099 3466 1103 3471 ,

95 3535 289 3605 invenerunt
323 3534 388 3614 Ego
410 3544 492 3599 certe
513 3552 646 3616 magno
646 3537 748 3602 studio
769 3544 800 3625 et
820 3533 1013 3599 contentione

93 3640 264 3729 servaram
280 3643 425 3721 regulam,
443 3641 619 3721 ieiunabam
633 3659 730 3724 saepe
750 3657 856 3723 nsque
862 3641 902 3703 ad
913 3639 1015 3719 aegri·

96 3749 233 3816 tudinem
254 3759 285 3816 et
305 3756 434 3816 mortem
453 3751 524 3824 iore
546 3738 750 3818 observabam
768 3754 886 3823 statuta
897 3747 1010 3825 stricta,
1080 3812 1083 3817 .
