2258 4170
108 148 176 217 392
366 160 371 166 ’
435 151 579 250 Enarratio
601 153 716 215 uberior

111 335 152 399 sit
172 332 356 413 ingratitudo
377 337 596 405 nostra-tanta
617 333 771 410 socordia,
792 337 897 416 tantus
918 338 1018 412 torpor,

112 426 303 504 nnnmirum
329 447 378 502 cst
405 434 504 511 sane,¹
530 438 614 517 quod
637 439 721 500 Deus
752 445 914 516 tantopere
942 441 1017 505 nobis

77 575 80 581 ¹
112 547 261 620 irascitur,
284 544 477 623 quodmittit
491 543 630 615 Turcam
650 544 734 631 quod
748 560 851 622 papae
873 546 1029 629 tyrannide

114 670 173 716 nos
206 651 327 731 premit,
354 656 484 728 propter
504 656 621 711 tantam
641 648 888 726 ingratitudinem
910 657 941 711 et
959 667 1018 713 cor-

115 765 261 836 temptum
276 772 349 832 erga
359 755 439 817 hane
451 751 578 832 gratiam
595 762 626 816 et
640 756 740 818 lucem
752 756 844 819 nobis
856 757 1017 822 revelatam.

196 863 380 923 Immensum
403 867 434 923 ct
461 861 662 923 inenarrabile
689 869 738 924 cst
765 860 954 943 beneficium
975 848 1018 926 lici

80 978 86 993 ·
115 970 146 1030 in
167 984 234 1040 nus,
256 966 340 1043 quod
361 964 558 1045 liliumsuum
580 967 767 1044 unigenitum
785 967 915 1053 donauit
935 969 1018 1051 nobis,

116 1083 148 1137 et
167 1091 237 1136 cum
259 1087 297 1153 co
318 1071 428 1135 omnia.
470 1073 519 1132 An
540 1087 601 1133 non
629 1090 749 1135 summa
771 1081 802 1134 et
822 1072 939 1134 infinita
956 1068 1037 1136 baec>

115 1179 374 1265 φιλανθρωπία,
397 1194 483 1239 amor
504 1187 534 1240 et
554 1179 768 1241 benevolentia
791 1178 861 1254 uei.
875 1194 949 1254 erga
968 1197 1023 1252 nos,

43 1279 46 1283 ’
71 1302 77 1312 ’
117 1289 254 1346 moveret
275 1282 368 1344 corda
390 1290 510 1356 nostra,
540 1300 724 1362 summoque
746 1283 863 1361 gaudio
887 1300 943 1355 nos
964 1301 1022 1361 per·

116 1386 271 1461 tunderet,
285 1395 315 1464 ct
337 1388 375 1448 ad
398 1388 532 1467 aliquam
555 1390 766 1466 gratitudinem
785 1390 850 1452 Deo
874 1406 930 1468 pre
952 1398 1024 1454 tanto

117 1493 269 1556 beneficio
289 1493 531 1570 rependendam,
553 1494 593 1555 ad
608 1494 771 1572 gratiarum
793 1494 947 1558 actionem
963 1513 1025 1573 ‘per-

8 1624 19 1636 ·
119 1608 251 1679 petuam,
274 1599 313 1659 ad
337 1598 417 1659 vitae
431 1599 556 1675 'frugem
572 1599 743 1685 meliorem,
765 1599 806 1660 ad
827 1600 1026 1663 obedientiam

6 1779 15 1796 ,
118 1721 191 1781 erga
208 1711 268 1765 tam
281 1703 445 1779 benignum
458 1711 488 1766 et
501 1705 728 1767 misericordem
745 1712 864 1782 patrem
881 1705 1028 1778 excitaret,

102 1811 146 1891 ,si
168 1824 407 1886 agnosceremus
428 1809 509 1871 istud
531 1827 683 1872 summum
705 1809 905 1883 beneficium,
934 1811 961 1872 si
981 1828 1028 1888 pro

119 1915 264 1992 dignitate
285 1915 542 1992 et,magnitudine
562 1915 778 1977 idacstimare
792 1917 991 1994 possemus?

200 2021 271 2097 lpse
299 2019 372 2080 mihi
406 2019 601 2082 vehementer
615 2020 778 2099 ,displiceo
787 2032 800 2094 ,²
830 2029 864 2083 et
891 2037 943 2082 me
970 2021 1031 2098 ipse

120 2127 179 2200 cdi,
202 2123 284 2204 quo‘d
297 2125 362 2188 scin
383 2142 454 2187 vera
476 2143 548 2189 esse
561 2127 663 2209 omnia
679 2119 736 2200 illa,
759 2143 841 2205 quae
863 2124 1032 2188 decbristo

111 2221 277 2319 'Scriptura
305 2221 401 2303 dicit,
424 2232 537 2309 quibus
558 2231 631 2319 nihil
652 2230 766 2307 majus,
795 2213 870 2293 nihil
895 2230 1032 2308 amplius,

45 2368 49 2374 ·
80 2368 83 2375 ·
119 2337 191 2399 nibil
209 2336 382 2413 jucundius,
406 2335 478 2397 nibil
503 2338 611 2400 laetius
633 2355 712 2416 esse
732 2338 902 2415 quidquam
926 2342 1036 2412 potest,

119 2459 200 2520 quae
221 2458 270 2505 mc
284 2458 404 2502 summo
413 2441 530 2519 ‚gaudio
544 2443 710 2506 delibutum
723 2443 852 2534 reddere
874 2440 1035 2532 debebant,

1 2595 3 2603 ,
120 2547 204 2626 quod
230 2547 319 2607 video
354 2547 535 2624 scripturam
563 2538 594 2608 in
626 2549 768 2611 omnibus
797 2556 828 2610 et
856 2547 1034 2626 peremnia

121 2668 292 2715 consonare
313 2658 343 2712 et
365 2653 538 2714 consentire
558 2654 619 2725 sic,
651 2662 684 2715 ut
706 2655 744 2716 de
765 2661 869 2730 tantae
888 2653 936 2718 rei
961 2653 1035 2713 veri·

120 2765 181 2829 tate
204 2765 234 2818 et
261 2756 438 2819 certitudine
465 2758 541 2849 nihil
569 2759 699 2821 dubitari
727 2759 843 2837 possit,
876 2766 1035 2834 ettamen

119 2863 268 2940 impedior
289 2863 390 2924 earnis
412 2879 500 2925 meac
521 2864 650 2935 malitia,
682 2851 789 2942 siccine
816 2865 887 2940 lege
919 2864 1035 2941 peceati

119 2968 265 3045 captivor,
288 2974 401 3028 utnon
424 2971 542 3045 possim
558 2966 834 3033 illudbcnelicium
856 2969 1035 3048 peremnia

120 3073 269 3143 membra,
286 3087 340 3149 per
362 3055 436 3136 ossa
457 3084 487 3135 et
509 3075 537 3134 in
550 3073 698 3137 medullas
712 3076 797 3152 ipsas
815 3076 1035 3148 translunderc,

119 3187 153 3241 ut
174 3179 297 3255 quidem
321 3180 437 3255 vellem.
481 3179 677 3243 chhardus
708 3182 835 3255 latetur,
855 3184 961 3262 >quod
984 3183 1035 3243 ali·

107 3283 244 3362 ¹quando
267 3286 396 3359 gustarit
424 3274 546 3363 quidem
570 3287 753 3373 suavitatem
773 3288 862 3349 istius
885 3289 1036 3365 cognitio.-

38 3416 45 3421 -
112 3381 291 3471 nissqno'd
314 3392 450 3465 repletus
472 3393 510 3453 sit
533 3394 647 3468 gaudio
670 3393 853 3467 incredibili,
875 3395 933 3456 sed
957 3395 1036 3455 idem

92 3552 96 3559 ,
120 3495 269 3572 queritur.
293 3495 375 3571 quod
397 3497 581 3573 impediente
603 3514 695 3565 carue¹
716 3500 776 3561 non'
798 3500 850 3560 diu
878 3499 1036 3561 duraverit

120 3602 146 3676 is
169 3608 290 3677 gustus.
333 3602 522 3679 Augustinus
552 3604 660 3665 eadem
689 3605 826 3683 queritur
844 3611 903 3685 etc.
948 3604 1036 3668 Com·

6 3688 25 3718 ⁵
80 3722 85 3729 ’
120 3705 340 3782 prehenderem
354 3713 385 3799 et
404 3709 601 3785 egolibenter
623 3717 652 3771 et
674 3710 864 3788 penitissime
876 3690 1036 3790 infigerem
