2280 4192
168 189 230 257 130
349 196 440 269 Caput
460 196 727 270 quinquagesinum
747 194 905 252 secuudum

171 374 340 434 enimcum
369 390 483 449 pavore
510 381 540 432 et
567 371 757 433 testinatione
787 371 954 432 exiverunt.
996 370 1081 444 Quae

167 476 265 552 iiguru
288 478 366 538 bene
388 478 529 538 convenit
549 494 618 538 cum
638 476 816 552 justitiariis,
836 476 876 536 iiii
891 477 1032 537 iestiuout
1052 484 1082 537 et

170 591 291 659 pavent
312 600 381 644 cum
405 583 558 660 pcututum
579 590 737 652 terricum,
757 590 787 643 et
807 582 944 659 undique
967 581 1080 643 auxiiia

166 696 197 749 et
219 688 371 764 praesidia
392 689 582 764 conquirunt.
612 688 688 763 iiiuc
706 694 752 749 tot
771 688 893 761 reputas
914 685 1082 749 monacho·

166 792 296 867 rum*).
329 800 373 853 tot
403 809 497 867 opera
518 801 549 853 et
580 793 680 852 cuitus
698 798 869 861 manarunt,
899 791 983 870 quod
1016 806 1082 852 cra·

168 897 310 957 didcruut
330 914 366 958 sc
388 899 499 959 tatibus
521 899 666 974 operibus
678 897 896 959 conscientiam
917 897 1082 959 couteme

168 1008 198 1061 et
219 1003 351 1078 quietam
374 1003 502 1063 reddere
524 1020 628 1081 posse.
990 1042 993 1047 -

251 1106 353 1166 Monet
371 1108 462 1183 igitur
488 1106 638 1184 propheto
673 1102 822 1191 pioe⁸·).
860 1106 925 1165 Vos
948 1103 1005 1180 pii,
1037 1102 1081 1162 iu·

168 1212 242 1288 quit,
263 1212 354 1271 noiite
376 1212 484 1273 imitari
506 1214 627 1305 impios,
648 1213 841 1291 nequeenim
863 1227 931 1272 cum
953 1207 1081 1269 tumultu

168 1316 326 1378 exibitis(
347 1316 431 1379 Jussi
460 1335 533 1391 vos,
565 1335 604 1378 ue
632 1316 795 1397 tangeretis
824 1317 955 1395 poihrta
989 1320 1019 1375 et
1051 1318 1083 1374 ut

116 1410 119 1415 ’
170 1423 271 1483 muudi
295 1424 416 1489 essetis
438 1420 466 1482 id
489 1438 548 1484 non
570 1422 622 1483 iict
643 1423 769 1485 tumultu
792 1429 823 1482 et
842 1423 925 1499 iuga,
946 1416 1006 1491 hoc
1026 1423 1083 1501 est,

170 1528 286 1589 viribus
310 1529 427 1589 cestris.
469 1528 536 1588 Aiia
569 1527 646 1589 ratio
668 1534 734 1599 cst,
766 1542 828 1604 qua
853 1514 1021 1587 liberamini
1036 1506 1082 1582 ub

59 1654 64 1665 ¹
167 1633 335 1711 impietate,
372 1649 483 1710 nempe
503 1634 585 1710 quod
609 1632 755 1695 Dominus
778 1620 940 1711 praecedet
960 1644 1032 1701 vos,
1053 1633 1084 1688 ct
1124 1620 1128 1625 ’

169 1738 251 1817 quod
286 1754 342 1799 vos
375 1739 572 1815 congregabit
595 1738 677 1799 Deus
698 1737 801 1801 israel.
843 1737 908 1798 Hoc
929 1724 987 1811 esi,
1008 1733 1082 1797 sim·

171 1843 287 1919 piiciter
308 1842 410 1905 audite
432 1845 571 1915 verbum,
605 1843 686 1920 qdod
709 1826 856 1904 Domitius
879 1824 936 1902 vos
958 1826 1083 1919 praece·

170 1946 228 2006 det.
271 1947 430 2037 Abstiuete
452 1967 470 2009 a
494 1950 603 2009 vestris
625 1948 750 2020 stodiis,
773 1955 803 2009 et
824 1947 916 2029 npiite
937 1934 996 2022 ipsi
1017 1940 1094 2027 heri·

170 2059 292 2113 autores
315 2056 422 2116 salotis
436 2061 565 2123 vestrae,
587 2053 642 2114 sed
665 2053 762 2124 sinite,
783 2058 816 2114 ut
830 2052 976 2114 Dominus
997 2058 1083 2141 repat

171 2173 227 2219 vos
249 2159 342 2221 verbo
364 2168 394 2221 et
415 2160 521 2236 spiritu
543 2177 609 2230 suo,
632 2166 664 2220 ot
686 2160 715 2219 iu
737 2174 774 2219 co
790 2152 856 2218 soto
869 2154 1031 2226 haereatis,
1052 2161 1083 2215 et

173 2264 361 2338 praeterea
354 2283 382 2325 m
404 2264 519 2351 puiiius
536 2265 668 2345 operis
660 2271 712 2325 aut
731 2263 830 2327 cultus
852 2260 973 2337 fiducia.

255 2366 307 2429 Est
330 2370 419 2445 igitur
448 2364 575 2442 insignis
597 2367 783 2439 exhortatio,
816 2374 850 2427 ut
871 2365 1001 2443 simplici
1022 2362 1083 2426 ude

147 2470 198 2531 'in
215 2470 572 2552 soiumchristum‘**)‚
583 2472 847 2544 ducemnostrum,
870 2468 1085 2548 respiciamus,

170 2578 221 2654 qui
244 2575 454 2654 nos'ooiiiget,
483 2587 515 2638 ut
537 2596 715 2641 maneamus
736 2579 765 2639 io
789 2578 901 2648 verbo,
921 2583 964 2636 et
986 2577 1085 2636 aimus

170 2682 222 2742 tuti
247 2682 285 2741 ob
308 2682 447 2744 omuibus
472 2684 617 2758 peccatis.
663 2684 714 2744 Sic
736 2682 863 2758 legimus
887 2680 926 2741 de
947 2679 1083 2757 quadam

169 2793 274 2847 sancta
298 2787 428 2851 moniali.
457 2787 499 2871 iia
522 2804 590 2849 cum
605 2792 768 2850 tentaretur
788 2787 828 2849 ob
851 2787 994 2847 admisso·
1011 2801 1085 2861 pec·

170 2898 247 2964 cato,
268 2890 339 2952 nihii
352 2893 433 2953 oiiud
448 2893 612 2970 respoudit
628 2910 719 2969 quam
733 2908 770 2956 se
781 2887 1083 2968 Obrictiouam**¹i*)
1104 2870 1107 2877 ¹

169 3012 248 3058 esse.
276 2996 378 3058 Sensit
398 2999 476 3059 enim
498 3015 534 3059 so
556 3016 613 3061 uec
633 3000 700 3060 suis
721 2999 810 3060 maiis
828 2996 975 3072 operibus
997 2994 1085 3063 dam·

170 3102 247 3170 uari.
279 3102 361 3178 quod
385 3102 512 3165 haberet
532 3102 700 3176 Christum,
737 3120 794 3165 osc
824 3102 913 3162 bouis
935 3098 1085 3176 operibus

169 3204 280 3267 saivari
304 3222 412 3281 possa,
442 3209 497 3269 scd
520 3207 671 3270 Christum
701 3225 755 3286 pro
776 3225 811 3271 so
832 3207 973 3268 traditam
997 3204 1102 3268 uicti.

154 3322 248 3367 mam
271 3317 330 3373 etc.
353 3312 542 3403 satisfecisse
579 3331 632 3395 pro
662 3315 796 3391 peccatis
817 3312 898 3391 suis,
936 3317 968 3391 ct
990 3311 1095 3382 vitum,

167 3462 374 3477 m

224 3554 252 3619 *i
275 3516 612 3621 ΙὶεςιιΙιιο,ηιοιιαοΙιοτιιιιιιΙ
645 3556 690 3621 ·*)
703 3555 780 3608 Deus
800 3553 951 3622 sequentur
968 3554 1020 3623 piis
1033 3555 1087 3607 aui·

169 3647 306 3699 histric·
310 3646 416 3717 ”tiu
425 3647 516 3701 noian-
529 3646 661 3703 Christum
680 3644 885 3719 aspiciendum.
913 3646 968 3689 Μ
972 3644 1088 3765 'Nitri-

168 3741 334 3796 sticarium.
