2258 4170
20 127 60 221 .'
114 200 117 205 ·
165 163 208 230 38
376 170 466 263 caput
480 118 733 248 quadragesimnm
744 174 875 248 quarium
992 198 996 207 ·

374 347 462 434 daput
478 347 716 457 ‹qrabngarimu
737 351 874 435 quotu.
924 366 934 377 ¹·

61 529 65 536 ’
148 594 151 601 ,
254 515 380 598 [Tribus
411 518 623 599 superioribus
653 518 806 609 capitibus
833 520 974 593 tractavit
998 519 1083 596 justi,

166 620 238 693 niani
271 628 350 689 fidei
394 615 519 686 Addidit
552 624 655 686 varias
684 623 751 701 ejus
778 623 918 719 justitiae
939 633 970 688 et
992 642 1083 687 evon-

166 737 234 819 getii
257 733 511 821 praedicationes,
533 731 604 793 item
627 731 851 794 confutationes
862 729 1001 813 Jusutrae
1016 720 1117 819 pro'·

166 843 265 921 princ,
294 848 358 902 tum
380 838 606 899 consolationes
630 837 765 917 piorum,
798 824 829 898 et
857 836 956 919 minas
982 845 1084 898 contra

165 948 291 1026 impios,
329 945 381 1023 qui
415 951 520 1005 eontm
547 943 627 1005 hanc
656 920 806 1020 jnstitiam
832 951 979 1037 pugnant
1028 944 1083 1006 Po-

15 1028 17 1035 *
71 1042 76 1047 ’
148 1063 279 1117 ιιιιειῐιο
302 1060 395 1114 totam
419 1051 516 1126 legem
539 1066 609 1131 cum
627 1050 803 1112 sacerdotio
827 1058 857 1111 ct
877 1066 973 1124 regno
995 1050 1084 1139 abro-

54 1168 64 1186 ‘
168 1148 259 1239 'gavit
284 1158 351 1218 dam
358 1154 499 1249 *figitur
520 1162 614 1216 totum
627 1155 709 1219 hunc
723 1156 838 1229 locum
856 1173 949 1233 quast
963 1156 1082 1235 epilogo

68 1323 70 1331 .
166 1260 321 1336 claudit,
308 1262 508 1341 quasidicat:
529 1261 568 1322 Ut
591 1248 765 1339 summatim
787 1262 897 1334 dicam,
917 1260 979 1323 hac
995 1262 1082 1338 insti-

54 1417 56 1420 ,
165 1371 207 1433 tia
229 1369 346 1433 servari
368 1385 427 1431 nos
447 1384 578 1430 necesso
600 1373 660 1441 est,
684 1373 736 1430 aut
758 1384 826 1430 cum
848 1368 963 1450 impiis
976 1368 1083 1445 peribi-

48 1490 51 1495 ’
166 1494 244 1540 mus.
287 1476 373 1537 Sicut
394 1480 495 1534 autem
522 1474 552 1533 in
577 1470 714 1551 epilogis
743 1475 838 1547 solet,
869 1472 959 1538 addit
975 1458 1088 1537 exindo

165 1584 296 1653 tationes
318 1590 348 1643 et
370 1568 607 1642 consolationes.
633 1579 798 1647 Promittit
825 1579 905 1661 eninr
936 1579 1080 1687 ecciesiae

165 1705 271 1751 semen
294 1695 324 1750 et
345 1686 585 1765 posteritateml.

329 1874 427 1937 Audi
449 1875 571 1937 Jacob
593 1888 709 1936 serve
730 1871 917 1955 meus**).
988 1888 991 1893 ·
1090 1860 1093 1867 ’

247 2004 394 2084 Loquitur
415 2004 453 2065 ad
476 2005 623 2081 poputum
645 2004 795 2081 evangelii
817 2008 948 2069 electum
970 2007 1011 2071 de
1026 2012 1079 2089 ιι-
1122 2074 1125 2083 ,

164 2106 318 2189 nagoga,
336 2128 393 2173 vos
423 2110 476 2191 qui
504 2109 579 2171 estis
607 2109 646 2170 de
668 2110 727 2172 isto
749 2115 866 2190 populo
895 2113 994 2185 servi,
1024 2112 1085 2191 hoc·

164 2224 220 2288 ast,
241 2216 400 2303 credentes
423 2232 480 2278 seu
501 2215 570 2276 fidei
594 2216 782 2291 obedientes,
804 2218 857 2296 qui
873 2218 931 2280 etsi
953 2219 995 2281 ab
1016 2209 1080 2289 aliis

163 2321 417 2387 excommunicati
449 2322 538 2394 estis,
572 2329 672 2382 tamen
702 2321 774 2384 mihi
803 2325 931 2393 servitis
949 2330 981 2385 et
1009 2325 1082 2400 grati
1123 2324 1125 2333 '

163 2431 261 2516 estis,
276 2428 396 2493 Audite

256 2606 474 2696 [Effundam
499 2596 624 2692 aquas
645 2633 768 2695 super
789 2570 991 2682 sitientes.
1063 2620 1067 2631 “

245 2744 409 2807 Confitetur
442 2743 603 2804 ecclesiam
638 2761 710 2809 esse
732 2746 883 2831 sitientem
906 2756 935 2811 et
958 2747 1084 2822 aridam,

97 2850 104 2859 ’
161 2822 233 2930 qnia
254 2857 303 2912 ast
323 2851 352 2910 in
375 2854 524 2951 perpetuo
547 2857 643 2927 aestu,
667 2868 723 2913 nec
744 2854 829 2915 videt
847 2855 906 2916 nisi
923 2856 975 2917 sui
997 2856 1083 2931 darn,-

130 2958 315 3018 ‘nationem
342 2962 372 3016 et
396 2938 606 3032 ignominiam.
650 2956 728 3017 Dicit
748 2958 852 3034 igitur:
885 2963 947 3023 noli
969 2964 1082 3035 timere,
1112 3006 1117 3017 ·

161 3063 288 3124 obruam
309 3070 339 3122 te
360 3060 512 3122 foecunda
534 3062 646 3139 pluvia,
668 3071 700 3123 ut
722 3067 882 3140 proveniat
901 3068 957 3129 tibi
978 3069 1083 3147 copio·
1106 3066 1120 3135 ,“

161 3159 228 3243 sum
252 3183 366 3229 semen.
410 3167 496 3229 Dabo
520 3169 657 3246 spiritum
681 3177 838 3243 sanctum,
866 3172 917 3255 qui
941 3176 1081 3236 console·

88 3314 93 3321 -
160 3281 209 3336 tur
230 3281 274 3344 te,
296 3281 326 3333 et
348 3273 442 3349 riget,
470 3291 508 3348 ue
531 3255 638 3335 desint
652 3276 781 3351 posteri,
813 3277 865 3355 qui
887 3280 1079 3357 evangelium

126 3392 129 3401 ’
160 3381 439 3456 Ιιιῑιιιειριιςιιιιι].
462 3379 516 3441 Est
539 3381 617 3441 enim
636 3381 805 3443 consolatio
815 3362 906 3462 Μ),
929 3386 1078 3448 aecccle-

1024 3514 1066 3551 ,λ
1120 3538 1123 3543 ,

155 3558 366 3579 *pn-un.—

234 3664 393 3732 )Summa
412 3661 475 3732 Cap.
495 3661 539 3719 44.
576 3664 623 3730 ”J
642 3663 762 3718 Enarrat
778 3663 840 3735 Gap
855 3663 899 3720 44.
937 3666 995 3737 ”⁰3
1015 3660 1079 3724 Con·

26 3788 31 3801 ι
102 3728 108 3739 ,
150 3757 253 3812 scirtio
271 3766 299 3814 et
317 3760 462 3846 promissio
481 3752 649 3832 propagandi
666 3758 827 3839 ernnusto
862 3792 865 3797 «
