2258 4170
491 180 617 282 ἶΕειίεε.
756 138 759 154 Ι
976 171 1020 242 45
1092 216 1117 271 ¹.

107 365 180 427 cutio
201 369 232 424 et
251 363 320 424 sine
341 362 414 423 inne
436 331 616 438 'incederet
638 360 776 428 sicione
799 359 1020 425 conscientiam

108 476 223 558 regunt,
245 482 327 546 quae
349 470 417 529 solo
436 468 534 547 *verbo
557 469 612 528 Dei
633 467 767 543 regenda
787 473 862 540 erat.

63 648 66 673 Ι
188 574 281 654 [Sunt
311 571 436 649 enim¹)
465 572 658 654 hujusmodi.
675 573 742 635 ioci·
769 572 808 633 ad
834 578 1016 645 postrorum

63 682 67 741 i
113 682 269 743 idolatriam
311 674 573 742 accommodandi.
633 679 699 750 Hoc
741 678 820 747 euim
866 675 1018 754 propheta
1071 720 1074 725 -

117 796 171 850 toto
190 785 250 848 hoc
271 783 340 847 ioco
363 787 440 862 agit,
462 786 555 864 quod,
575 765 725 864 quidquid
747 791 834 846 extra
853 781 944 843 iidem
967 790 1021 853 esi,

119 902 158 955 est
180 892 331 963 idolatria,
364 892 572 964 siredones,
601 893 668 953 sive
697 885 875 970 lignea²)].
919 887 1020 964 Hujus
1127 876 1128 880 ’

122 996 392 1061 autem'idoiutr'iae
422 998 600 1076 principium
633 1003 703 1070 esi‚·
729 994 811 1073 quod
849 993 1019 1069 cogitamus

123 1106 199 1167 iieum
219 1103 333 1180 placari
348 1104 492 1181 operibus
514 1103 638 1165 nostris.
671 1103 770 1177 Quare
794 1117 867 1161 vera
889 1101 916 1194 ei
931 1101 1021 1161 unica

122 1206 264 1286 reiigio*),
280 1202 390 1271 unicus
401 1210 456 1271 Dei
477 1207 644 1281 est‘cuttus,
667 1208 790 1269 credere
805 1183 1019 1269 remissionem
1041 1268 1045 1277 ,

123 1322 298 1396 peccatorum
321 1298 497 1392 gratuitam,
529 1317 596 1377 sine
624 1314 769 1393 operibus
792 1314 840 1373 vei
861 1313 1019 1390 sequenti·

104 1422 167 1483 ‘bns
186 1422 232 1481 vei
253 1421 518 1498 praecedentibus,
540 1438 578 1483 ex
600 1437 677 1499 pura
697 1428 728 1481 et
749 1434 832 1480 mera
849 1417 1022 1480 misericor.-

120 1529 173 1599 da,
204 1527 283 1588 sicut
315 1527 368 1588 dat
401 1529 499 1589 solem
528 1537 559 1589 et
585 1527 687 1589 omnia
716 1526 775 1587 alia
805 1526 885 1605 bona
907 1504 1039 1601 quitus*

119 1633 237 1695 imimnr.
257 1668 263 1685 ι
285 1632 365 1722 Huic
395 1632 461 1695 Deo
494 1632 607 1694 inventi
639 1632 734 1708 gratis
763 1639 794 1692 ei
821 1630 1018 1693 benefacienti

63 1758 70 1831 3·
119 1739 158 1835 sio
176 1739 299 1802 credere
320 1747 369 1801 est
390 1755 464 1801 vera
485 1740 589 1816 religio
611 1747 641 1801 et
659 1736 774 1814 justitio
799 1754 880 1801 vera.

63 1904 71 1984 ’.
143 1898 148 1911 ’
204 1926 921 2012 [Mementohorumiacobeiisraei.
990 1951 1036 2005 g

190 2057 258 2119 Vuit
278 2072 438 2143 remanere¹
457 2045 633 2121 memoriam
668 2051 826 2119 idoiat'riae
862 2054 944 2134 apud
965 2073 1019 2133 po-

63 2148 69 2225 i'
119 2158 289 2241 steros**),
310 2169 345 2223 ut
372 2170 403 2224 et
424 2165 537 2240 gratias
559 2165 622 2226 Deo
644 2170 744 2239 agant,
775 2161 857 2240 quod
878 2178 918 2223 ex
938 2169 1022 2223 tanta

63 2228 69 2357 Ι
119 2268 262 2344 impietate
283 2267 433 2330 beneficio
455 2271 604 2346 evangeiii
627 2270 687 2330 sint
707 2268 833 2340 liberati,
854 2277 885 2330 et
901 2269 1022 2329 discant
1086 2258 1089 2269 '

63 2362 67 2459 i
108 2369 210 2435 'timere
232 2373 340 2448 Deum,
362 2375 414 2452 qui
434 2376 494 2438 nisi
515 2393 572 2437 nos
593 2383 703 2448 servet,
724 2376 813 2437 iaciie
834 2383 883 2436 est
898 2376 927 2435 in
949 2391 1020 2437 eos·

63 2468 72 2617 l
116 2479 176 2540 dem
207 2494 329 2541 errores
356 2481 460 2544 relabi,
503 2481 558 2567 Sic.
584 2482 665 2542 nulio
694 2480 785 2543 modo
806 2481 945 2543 oblivisci
968 2497 1020 2542 eo·

63 2622 66 2627 -
113 2601 170 2645 rum
193 2586 349 2657 convenii,
378 2604 458 2663 quac
480 2587 573 2665 impie
595 2587 623 2646 iri
639 2594 761 2664 ‚papatu
783 2593 813 2648 et
834 2588 962 2648 decimus
983 2595 1015 2649 et

109 2688 303 2752 credidimus.
348 2691 425 2766 Quid
447 2694 525 2754 enim
544 2671 680 2763 stultius
704 2693 776 2769 quid
798 2693 897 2768 mogis
919 2700 1025 2754 contra

110 2794 218 2858 Christi
239 2794 367 2872 gloriam
390 2804 446 2868 est,
467 2787 559 2875 q'uam
575 2797 724 2873 justitiam
742 2799 874 2861 tribuere
889 2790 1020 2861 'sordido

1019 2036 1027 2079 ἢ
1107 2004 1111 2021 .

104 2902 245 2963 cucullo?
266 2900 303 2963 Et
325 2909 425 2963 tamen
446 2919 483 2966 ea
505 2905 608 2981 opinio
629 2904 672 2964 im
692 2902 753 2965 fixa
775 2907 829 2966 init
850 2906 878 2966 in
902 2905 1019 2978 animis,
1110 2960 1116 2975 ,

102 3007 270 3101 bominum,
294 3015 327 3069 ut
349 2988 441 3070 e'tiarn
462 3018 648 3074 mortuorum
672 3009 824 3074 cadavera
843 3012 960 3073 cucuiio
975 3010 1021 3072 iu-

174 3274 206 3341 ')
227 3274 298 3328 Vera
316 3273 413 3347 religio
432 3273 588 3344 adjustitiam
615 3277 662 3347 *ἢ
680 3278 959 3335 Abominatiouesuon
980 3294 1021 3333 re·

102 3368 232 3424 arcendae
264 3404 266 3409 ,
504 3414 507 3419 ⁴
994 3356 999 3381 ¹

174 3465 204 3534 1)
223 3464 253 3518 in
272 3466 315 3520 ed.
337 3463 405 3518 1532
423 3464 489 3519 haec
507 3465 543 3517 ita
561 3461 701 3534 leguntur:
729 3467 773 3520 Sic
791 3448 854 3521 enni
870 3462 1020 3532 hujusmodi
1083 3456 1101 3508 ',

100 3567 154 3643 etc.
189 3560 223 3629 2)
243 3560 313 3614 Edit.
335 3559 404 3613 1532
429 3561 467 3614 sic
492 3561 595 3630 pergit:
620 3560 677 3613 Uno
704 3561 786 3630 igitur
813 3560 924 3629 religio,
953 3576 1020 3613 unua

100 3655 151 3708 Dei
170 3664 213 3711 est
232 3657 335 3725 cuitus,
364 3645 476 3709 credere
494 3657 676 3732 remissionem
695 3665 860 3724 peccatorum
879 3657 1019 3726 gratuitam

100 3752 161 3806 siue
179 3749 307 3820 operibus
326 3750 369 3805 vei
388 3751 560 3822 sequentibus
580 3750 623 3807 rei
643 3751 875 3821 praecedentibus.
