2258 4170
1088 124 1092 145 ι’

543 187 549 200 Ι
748 190 756 197 ι

486 187 594 248 literam
873 234 888 252 ,.
911 180 1001 259 ,m

268 365 414 429 Servos
436 383 534 445 suos
557 368 635 429 alio
656 366 815 459 nomine.

165 489 228 552 Non
261 490 392 566 amplius
425 507 533 551 nomen
566 489 751 552 ludaeorum
787 489 996 561 celebrabitur,

103 595 224 656 amittetis
256 603 381 671 regnum
414 602 444 655 et
479 590 699 666 sacerdotium,
734 603 764 656 ct
795 595 998 658 celebrabitur
1039 638 1041 642 -

105 710 174 779 porro
204 696 487 776 Christianorum)
507 704 643 774 nomen,
666 701 759 775 quod
794 700 1039 784 benedicemus,

107 807 269 869 ethomines
292 821 330 867 eo
351 805 473 867 nbmine
494 822 549 882 pro
571 802 932 879 benedictione'ulenlur,
953 807 996 867 si-

107 922 142 976 tut
157 912 271 973 dicitur:
313 897 442 972 Utinam'
456 927 528 972 vere
548 910 739 972 christianus
760 905 828 974 fias.
945 898 948 905 ⁴
1007 902 1009 907 ’

243 1075 832 1138 Benedicetseinltaorlmen.
907 1088 909 1101 ¹
983 1047 986 1063 Ι

164 1205 191 1264 ld
200 1212 249 1265 est
270 1205 299 1264 ln
323 1204 404 1265 fideli
426 1212 478 1266 aut
501 1204 670 1276 verullae,
693 1220 762 1265 nam
773 1207 868 1265 Amen
891 1205 993 1281 adjec·
1061 1177 1066 1192 ¹
1089 1197 1092 1203 ’

101 1315 147 1373 live
176 1310 384 1386 accipiendum
422 1318 484 1380 est,
521 1311 611 1387 quasi
649 1310 743 1373 dicat:
798 1310 992 1383 Benedleunt,

100 1416 264 1495 praedicant,
294 1417 417 1478 laudant
437 1432 472 1477 se
494 1414 672 1493 hypocritae
694 1433 833 1494 quoque,
855 1414 911 1477 aed
933 1411 1000 1477 auli
1049 1410 1065 1448 7
1095 1466 1098 1475 ,

99 1520 296 1599 Oldebani**)
329 1521 563 1583 sebenedicunt.
579 1522 608 1582 in
631 1523 694 1582 Deo
717 1522 833 1593 Arnen,=
849 1521 917 1598 ‹qul
937 1522 992 1581 lal-
1106 1586 1107 1595 ,

98 1632 145 1691 lero
162 1645 215 1688 non
237 1634 347 1705 potest.
380 1628 473 1688 Porro
495 1627 610 1688 addidit
630 1643 740 1689 nomeu
762 1629 868 1719 Amen,
891 1610 989 1704 ummo

97 1732 396 1810 propter-scandalum
418 1732 504 1805 lldei,
534 1733 716 1817 contrarium
740 1729 819 1798 euim
841 1721 993 1810 utrimque

97 1845 216 1915 apparet«
238 1838 315 1899 Nam
328 1846 358 1899 et
371 1838 488 1915 plorum
501 1834 673 1899 benedictio
685 1835 796 1923 infide
809 1836 991 1900 abscondita

96 1946 161 2013 latet,
196 1951 225 2005 et
257 1946 330 2008 latet
366 1959 490 2021 quoque
519 1938 680 2021 impiorum
716 1941 899 2005 maledictio.
949 1942 992 2029 llll
1055 2011 1059 2022 ,

96 2048 156 2108 erim
182 2049 251 2126 pios
286 2051 464 2127 plerumque
485 2048 612 2126 opibus,
634 2048 794 2124 dignitate,
816 2047 912 2128 gloria
933 2055 990 2110 eto.
1047 2107 1050 2117 ,

95 2151 202 2217 ducunt.
238 2152 403 2217 confirmat
425 2162 526 2217 autern
548 2153 599 2216 bic
620 2162 755 2216 nostram
777 2152 878 2225 fldem,
900 2151 990 2230 quael
1089 2173 1106 2199 ι’

93 2255 168 2319 dicat:
208 2257 290 2320 Nihil
310 2258 431 2320 dubites
449 2260 489 2319 de
509 2274 578 2320 mea
600 2259 818 2342 promiesione‚
847 2259 990 2337 quamvls
1041 2277 1047 2315 ¹.
1091 2254 1096 2273 '

88 2375 134 2421 uon
162 2364 269 2426 videas
291 2361 547 2437 benedictionem,
581 2373 612 2426 et
634 2366 737 2442 pollue
755 2363 874 2426 cantiae
896 2363 990 2426 male·
1074 2422 1076 2427 .

83 2461 247 2542 dictionem,
284 2474 385 2532 tamen
416 2485 488 2531 vere
516 2471 750 2544 eabenedictus
771 2469 802 2530 in
824 2470 902 2541 Deo,
935 2469 989 2547 qui

83 2576 118 2630 tet
141 2577 253 2647 Amen,
274 2574 328 2654 qui
349 2591 409 2636 non
430 2573 513 2637 lallet
533 2581 572 2638 te,

155 2680 295 2743 Secundo
317 2680 414 2753 addit,
440 2683 474 2743 in
491 2680 555 2743 lleo
576 2683 687 2752 Amen,
710 2667 834 2759 propter
855 2679 1009 2755 scando,

83 2793 135 2850 tm
168 2785 278 2862 objecti
315 2785 401 2869 fidei,
435 2787 464 2847 id
498 2793 558 2858 est,
597 2793 721 2864 propter
753 2785 988 2848 incarnationem

83 2881 191 2953 bristi.
233 2888 442 2968 insuperabile
472 2893 551 2954 anim
577 2888 793 2973 Judaeis***)¹
811 2888 988 2952 scandalum

83 3000 137 3068 et,
172 2997 255 3075 quod
288 3013 346 3059 nos
379 2997 408 3058 ln
437 2997 614 3069 bominem,
648 2979 784 3074 eumque'
810 2995 987 3061 eruclilxum
1033 3051 1035 3054 ,

83 3102 230 3164 redimus.
256 3102 443 3179 Dicitigitur,
463 3103 571 3167 Judaei
590 3101 782 3165 offenduntur
799 3100 1004 3164 humanitate-

83 3200 195 3278 hristi,
232 3222 290 3268 nae
323 3217 453 3286 possunt
487 3224 556 3271 eum
586 3207 680 3270 Deum
713 3207 857 3280 eradere,
894 3222 985 3285 quern

83 3314 218 3374 ominem
251 3295 324 3382 oeae
358 3312 469 3375 vident.
513 3314 625 3376 Verum
659 3327 725 3393 voe
749 3311 842 3374 nolite
863 3309 985 3385 ollandi,
1042 3369 1045 3375 ,

83 3429 134 3475 on
155 3417 267 3478 errabit
294 3435 313 3478 a
339 3435 413 3480 veru
441 3419 519 3492 Deo,
547 3419 742 3497 quicunquae
771 3430 848 3479 tuoe
876 3417 984 3478 oculor

83 3516 279 3534 *-

119 3620 122 3626 Δ
142 3559 171 3627 ·)
190 3557 293 3613 boner
312 3556 516 3615 cbrirtianorurn
541 3540 716 3615 benedictum.
754 3555 803 3622 ⁴⁴)
822 3553 984 3609 Cbrlatlano-

83 3662 125 3701 m
150 3651 299 3708 benedictio
326 3653 427 3706 iubeo
452 3669 525 3707 vero.
563 3636 630 3722 W)
649 3650 765 3706 ebriatur
783 3649 921 3704 crucifixae
939 3650 983 3737 la·
1105 3706 1107 3713 ,

83 3743 140 3799 leia
158 3747 322 3816 acaudalum,
344 3744 447 3802 iscar,
467 3747 490 3801 i.
716 3753 719 3760 '
