2258 4170
436 183 502 260 erp:
525 177 574 246 te.
595 177 703 245 tinnire.
795 136 797 139 v
822 130 825 146 A
959 158 1021 259 tet,

108 359 223 435 tinin-
239 361 349 442 inquit‚
383 342 566 442 quivident
592 372 669 443 euni
688 368 843 458 agentem,
872 362 1016 425 miracuta
1036 416 1038 421 .

109 466 264 540 edentem,
285 446 464 547 patientem,
485 469 593 542 dieent,
614 460 671 560 Hie
691 486 751 530 uon
773 475 821 531 est
842 470 922 541 Rex,
943 467 1021 547 quid
1087 546 1089 550 Ι
1119 507 1121 514 1

110 573 262 634 somniant
289 573 432 636 Messium
461 571 591 638 futurum
620 582 769 636 terrenum
797 589 917 660 rupem.¹
956 570 1018 634 Sed

109 690 207 756 qnare
228 679 273 742 sie
304 681 489 753 vuituantur,
504 674 505 677 ’
523 682 552 741 id
574 688 636 754 est,
667 679 877 752 offenduntur?
919 678 1018 771 Quare

108 783 187 846 adeo
208 784 374 862 despectus
408 787 476 848 esti
519 787 608 863 Quia,
640 787 738 865 inquit
771 783 936 865 propheta,
971 783 1018 845 sie
1071 848 1076 859 „

110 890 257 966 ingtnriua
279 890 335 952 erit
355 892 432 953 inter
453 891 536 954 viros
558 900 704 970 aspectus
725 879 816 969 ejus.»
839 891 905 962 Nou
927 875 1017 961 enirn,

109 995 160 1072 qui
183 991 272 1056 futuri
292 1001 366 1058 ¹¹sunt
379 1013 468 1074 reges
490 998 519 1058 in
538 999 658 1070 munde,
679 996 726 1061 sie
740 999 889 1076 adparere
911 997 1018 1077 solent
1116 1008 1120 1013 “

109 1116 168 1162 nun
208 1100 558 1179 abjiciuntfipeeuniam,
596 1107 689 1167 mutto
721 1106 821 1166 minus
856 1101 960 1162 vivunt
988 1099 1019 1174 in

109 1207 246 1279 miseria,
278 1213 311 1267 ιιι
333 1206 486 1296 christae,
520 1210 572 1286 qui
600 1226 659 1270 non
692 1211 791 1272 sotum
825 1200 1018 1283 contemptus

108 1318 164 1384 est,
189 1311 243 1374 sed
266 1313 366 1372 eitun
379 1329 455 1375 suos
478 1313 665 1376 adeundam
688 1322 893 1391 contemptum
916 1309 1019 1373 mundi

106 1417 226 1481 invitat.
252 1414 393 1484 §Dntfibtt
413 1417 488 1485 tnttb
506 1419 568 1484 tine
589 1417 751 1500 [ιιιιιιβιιιιιι
772 1417 930 1490 desolatio,
953 1416 1029 1478 triri-v
1077 1496 1081 1516 ἱ

105 1523 204 1610 teatio
231 1522 361 1600 ιιιιιιιι,
393 1524 435 1584 ita
462 1526 606 1604 utmuiti
634 1523 834 1589 offendantur.
852 1541 856 1552 ¹
875 1523 947 1584 ideo
977 1521 1020 1583 ait

105 1627 272 1706 propheta,
309 1629 468 1702 detorruis,
499 1637 661 1709 corruptus
694 1637 838 1709 aspectus
872 1627 955 1705 ejus,
988 1634 1020 1692 et
1113 1717 1116 1721 ⁴

104 1734 294 1810 formeries
315 1736 539 1812 praecaeteris
563 1736 644 1799 viris.
888 1734 890 1739 ’

190 1840 282 1901 Ροιιο
313 1847 414 1901 antem
445 1841 595 1918 propheta
615 1859 675 1904 non
697 1840 831 1920 loquitur
851 1840 890 1902 de
910 1854 1028 1918 perse,
1097 1851 1098 1854 ’

99 1946 163 2006 nati
196 1945 292 2006 iernra
326 1944 452 2016 Christi,
487 1948 561 2024 quia
600 1948 655 2009 init
694 1947 817 2022 integer,
850 1942 1010 2021 [sanissimi

103 2041 254 2128 eorporis,
278 2051 497 2113 mundissimae
519 2053 716 2124 earnis,'sine
737 2059 863 2130 peceato
886 2066 1019 2126 concep·
1111 2064 1114 2070 ·

104 2161 174 2227 tus,
205 2171 244 2217 ex
270 2157 384 2218 ittibatu
412 2157 528 2235 virgine
556 2166 645 2220 natus
673 2165 729 2220 est.
772 2158 845 2219 ltem
867 2155 968 2217 Lucae
988 2138 1026 2224 2(

105 2259 211 2322 Crevit
231 2262 380 2338 sapientia
408 2269 438 2323 et
466 2264 562 2338 gratia
591 2263 672 2340 apud
694 2265 790 2325 Deum
812 2269 842 2323 et
867 2244 1029 2344 homines„

105 2365 165 2425 sed
196 2366 327 2442 loquitur
354 2366 504 2444 propheta
532 2367 571 2428 de
598 2369 693 2451 torma
724 2367 847 2445 politica
869 2374 900 2427 et
933 2365 1019 2442 regia

106 2470 336 2546 gubernatoris,
365 2472 416 2549 qui
445 2473 535 2534 debet
557 2472 622 2534 fleri
648 2490 703 2535 rex
730 2479 886 2535 terrarum.
935 2471 1019 2531 Haec

53 2638 55 2646 ,
105 2582 169 2636 tam
208 2576 342 2637 absurda
376 2586 406 2638 et
438 2577 589 2641 eiiensiva
620 2585 704 2649 sunt,
740 2586 776 2641 ut
809 2577 881 2640 niiiit
908 2581 1017 2655 supra,

105 2678 246 2746 metunt
269 2680 384 2747 nerben
405 2681 454 2762 tid)
476 2683 533 2749 atet
553 2682 648 2749 beten
669 2681 774 2763 neten.
802 2711 805 2723 ·
915 2694 918 2699 ’

67 2830 72 2838 .
174 2784 244 2846 'Est
264 2786 366 2864 itaque
380 2787 490 2850 Christi
512 2806 638 2866 regnum
661 2792 728 2862 tate,
752 2791 852 2868 quatis
874 2789 942 2866 ipse
962 2794 1025 2849 rex'
1121 2815 1122 2818 ι

104 2898 168 2961 est,
188 2908 248 2951 nun
270 2892 380 2953 incedit
402 2894 430 2953 in
453 2896 557 2970 speeie
578 2897 674 2973 regis,
695 2895 737 2956 ibi
758 2897 839 2956 truite
860 2893 1017 2971 majestas,
1099 2889 1101 2893 ⁴

104 3013 221 3073 pompa
243 3005 295 3058 aut
316 3001 450 3075 potentia
471 3001 554 3077 regis
577 3007 716 3079 apparet,
740 3002 822 3062 utin
845 2987 1018 3062 atiie'vide·
1083 3008 1087 3015 ’

105 3108 162 3175 tur,
184 3102 247 3162 sed
263 3110 295 3164 ut
317 3093 608 3169 vilissimusservus
629 3124 788 3168 servorum
811 3105 934 3177 incedit,
955 3119 1017 3183 quo

103 3208 228 3268 nonsit
247 3205 342 3270 honre
364 3211 394 3269 in
417 3209 492 3271 orbe
513 3218 659 3273 terrarum
682 3213 856 3289 despectior
877 3212 975 3273 uisus.
1072 3246 1074 3251 .

186 3311 265 3374 Num
298 3312 358 3374 hoe
388 3321 436 3375 est
473 3317 614 3390 exaltari,
652 3318 831 3393 indigere,
869 3331 1017 3394 prospere

103 3417 286 3494 proaedere,
322 3419 402 3484 Psai.
423 3417 482 3484 452
526 3421 586 3483 Sed
615 3429 647 3484 ιιι
669 3423 823 3500 ‚scriptura
852 3422 940 3494 dicit,
972 3419 1017 3482 Ex

102 3524 156 3583 eie
190 3511 346 3586 infantium
375 3531 406 3586 et
432 3527 605 3589 laetantium
633 3529 740 3590 tundat
767 3544 893 3604 reguum
926 3530 1033 3588 suum'
1071 3556 1074 3568 ·

102 3633 162 3691 ete.
184 3634 215 3688 et
235 3628 317 3692 Psui.
340 3626 374 3701 8,
401 3629 536 3693 Minuisti
563 3649 632 3694 eurn
663 3625 753 3712 pantd
776 3635 874 3696 minus
898 3635 937 3695 ab
960 3651 1014 3696 en·

99 3733 193 3809 getis,
229 3733 259 3794 id
281 3741 343 3813 est,
375 3734 538 3798 derelictus
567 3745 616 3801 est
637 3740 741 3825 aneu
762 3757 839 3820 prae
859 3740 1011 3822 omnibus,
1085 3808 1087 3812 ,
