2258 4170
377 163 461 253 'aaa
483 170 512 237 u.
535 176 644 237 usura
861 138 991 238 7419·
1060 232 1062 241 ,
1095 220 1099 235 s

57 358 160 418 tamen
208 352 277 417 betti
313 351 455 417 homines
489 353 661 417 docuerunt
697 360 817 426 contra,
837 334 840 341 ¹
860 353 977 415 saiticet

8 542 10 548 Ι
57 473 156 540 posse
187 459 302 523 saivari
330 457 490 534 hominen,
523 459 642 521 etiamsi
669 476 729 521 non
758 461 819 521 sint
843 461 977 540 portenti,

50 552 132 642 'quia
154 562 294 638 Christus
323 568 383 627 nou
411 564 554 631 omuibus
577 560 759 628 'hominibus
780 565 830 633 illa
852 542 977 642 praeae-
1018 624 1030 637 ,

19 732 24 739 ,
57 669 165 748 uisset,
188 671 245 733 aed
267 678 382 741 tantum
405 670 639 748 potentator
660 678 717 742 ent
739 669 898 733 monachis
919 678 999 744 etos

56 773 211 867 Gerteitta
233 779 326 841 uerba
349 780 388 842 ad
410 778 580 856 discipulos
602 793 690 848 suos,
709 776 770 839 hoe
791 782 847 848 est,
869 791 976 838 omnes

20 886 24 893 “
55 864 219 951 eredentes
251 884 400 962 loquitur,
433 882 547 961 quibus
575 899 631 945 eos
660 890 776 971 monet,
803 890 836 945 ut
860 880 977 958 justitia
1041 886 1044 895 ’

55 988 279 1087 iuteremptus
294 989 428 1055 abundet
443 1004 537 1065 quam
551 987 786 1052 Pharisaeorum
808 995 839 1048 et
859 987 977 1049 sariba·

53 1109 136 1170 rum,
158 1096 210 1172 qui
224 1096 389 1172 putabant,
406 1101 439 1158 ut
459 1093 536 1166 dixi,
552 1110 588 1157 aa
608 1093 670 1157 huo
692 1098 888 1171 praeceptum
911 1106 976 1152 ser-

56 1216 142 1273 vare,
164 1207 197 1263 et
212 1200 316 1278 justos
338 1216 424 1272 esse,
450 1201 478 1262 si
499 1215 592 1285 manu
613 1201 764 1262 nominem
786 1198 976 1275 oaaiderent;
1014 1251 1018 1258 .

50 1321 118 1373 non
134 1303 319 1383 cogitabant
330 1305 391 1368 hoe
413 1313 589 1384 praecepto,
609 1305 674 1368 Nou
697 1304 830 1378 anaides,
851 1304 977 1365 manda·

55 1419 121 1473 tum
144 1428 231 1484 esse,
256 1419 292 1474 nt
315 1427 375 1472 non
396 1412 496 1473 nolum
519 1427 624 1484 manu,
655 1410 711 1473 sed
733 1417 763 1473 et
784 1425 851 1482 ore,
873 1409 977 1485 lingua

56 1522 88 1576 et
116 1516 211 1583 eorde
232 1517 419 1583 abstinerent
439 1532 457 1578 a
477 1516 581 1581 aaedo.
625 1516 725 1592 Quare
746 1532 815 1578 aum
831 1513 977 1609 *cbristus

22 1674 26 1690 .
57 1619 238 1689 adhortatur
267 1638 344 1691 suos
376 1621 490 1685 debore
510 1638 582 1689 aare
603 1624 770 1699 pennatos,
803 1621 978 1698 perstringit

56 1725 245 1793 Pharitaeos
266 1735 297 1789 et
317 1727 559 1800 thalmudietas,
590 1728 642 1806 qui
665 1727 867 1791 distinxerunt
889 1732 978 1804 praa·

58 1832 194 1910 eeutain
219 1849 309 1911 opus,
331 1835 359 1894 in
382 1849 435 1897 eor
456 1840 487 1895 et
505 1833 537 1895 in
558 1834 703 1911 linguam.
736 1832 897 1894 Etdiount
917 1848 977 1894 non

58 1939 180 2016 poaaati
209 1940 296 2012 odio,
329 1936 443 2001 inuidia
471 1946 501 2000 et
529 1923 741 2001 malediuentia
761 1945 866 2001 eontra
888 1953 976 2014 prae·

58 2050 197 2120 aeptum,
218 2043 284 2105 Non
307 2044 446 2117 aonides,
469 2044 524 2106 sod
547 2053 620 2127 tum,
642 2061 712 2107 uum
733 2061 857 2106 manum
879 2042 976 2115 addis,

58 2154 89 2215 et
117 2148 196 2210 terro
224 2157 276 2211 aut
303 2151 363 2212 toto
392 2151 567 2228 quempiam
590 2150 717 2216 nauidis.
760 2151 888 2227 Stupro
910 2150 976 2211 tibi-

59 2253 131 2323 dina
160 2255 393 2332 interpretamur
420 2256 564 2321 mandata
593 2256 718 2319 domini.
759 2256 844 2318 Idem
865 2255 979 2318 iaciunt

59 2358 90 2421 in
119 2359 223 2423 multis
250 2360 327 2423 attis.
375 2359 437 2433 Neo
468 2343 564 2440 pudet
589 2361 682 2440 ipsos·
704 2359 796 2423 etiam
815 2375 843 2420 a
870 2367 978 2421 natura

60 2462 257 2545 abhorrentia
280 2475 310 2549 et
340 2468 530 2531 exsecranda
552 2468 670 2531 enatem
691 2466 758 2530 suis
781 2465 978 2542 glossematis

60 2568 220 2648 sacrilegio
241 2573 382 2649 probare
414 2572 531 2650 tagum
551 2571 675 2635 Rabiri:
704 2571 755 2633 Vir
775 2570 870 2633 habet
891 2576 977 2648 pote·

59 2683 171 2739 statem
187 2678 218 2740 in
231 2678 445 2743 concubitibus
467 2678 609 2751 multaris,
632 2677 705 2753 quia
726 2693 789 2747 vox
809 2675 985 2739 concubiti-

11 2802 13 2811 ·
58 2781 120 2853 bue
148 2770 367 2861 nutriendis,
401 2783 474 2869 hina
496 2786 736 2862 interpretantur
760 2782 913 2863 hominest
928 2780 978 2845 isti
1064 2807 1067 2813 ·

32 2950 33 2957 ,
57 2885 173 2966 impuri
193 2896 224 2952 et
244 2891 379 2964 neronum
395 2944 398 2951 .
413 2891 540 2954 maritos
560 2888 675 2952 babere
697 2869 879 2967 potestatem
901 2888 978 2951 abu·

58 2993 144 3057 tandi
166 3011 262 3059 uxore
283 2996 452 3060 sabaudum
474 3003 632 3068 naturam,
653 3002 684 3056 et
704 3000 811 3057 oontra
828 2999 977 3060 naturam.

56 3091 286 3181 §iubambigat
305 3099 368 3165 boe
387 3118 486 3180 genno
508 3099 663 3165 hominum
687 3100 727 3163 ab
747 3099 825 3177 ipsiu
845 3099 977 3162 diabolis
1057 3169 1060 3176 ,

59 3210 143 3267 totos
163 3214 273 3284 captos
294 3216 324 3269 et
344 3207 477 3285 agitatos
499 3223 579 3279 esse,
601 3222 682 3286 quos
703 3221 763 3269 non
787 3204 895 3283 puduit
917 3212 977 3265 tam
1006 3292 1009 3296 μ

57 3306 215 3373 horrenda
247 3315 364 3377 scotera
386 3313 476 3375 etiam
498 3313 621 3391 sari'ptis
643 3313 838 3376 committere.
879 3311 979 3373 Velim

37 3413 174 3501 'duno
191 3418 302 3483 exaudi
322 3419 515 3484 Fortaliaium
536 3417 623 3492 udat
659 3418 695 3480 in
711 3432 794 3510 quo
795 3416 911 3482 etmitia
927 3415 978 3479 hir

56 3521 149 3599 ptura
169 3530 318 3602 eongeeta
335 3531 416 3590 auat.
893 3566 898 3579 ,

139 3627 214 3693 ltem
231 3630 383 3701 ιιιιιιιιιιι
404 3636 511 3711 putant
534 3623 656 3705 peccari
676 3623 707 3686 tn
727 3624 865 3703 quintum
887 3640 978 3702 prae·

56 3736 198 3847 captum,
220 3730 280 3796 nisi
301 3733 373 3815 quio
394 3748 488 3798 manu
508 3729 680 3806 occiderit,
689 3728 731 3793 ita
752 3730 811 3793 at
803 3746 833 3795 m
854 3737 976 3795 sextum

649 3843 761 3913 ῃ.
