2258 4170
142 156 203 227 ’40
257 232 264 249 x
324 152 326 167 ²
374 116 723 242 coputqnedreg'eeinrum
744 167 874 245 qnantum
929 170 933 177 '
978 180 1002 229 ¹.

56 310 69 383 s
163 345 286 440 Sidone,
307 344 451 423 Aegypto
472 344 559 421 etnl.
600 333 655 406 Est
676 348 776 411 autem
789 343 841 406 hie
849 345 973 407 unicum
991 358 1082 405 sean-
1106 318 1112 341 ⁸

112 498 114 503 .
163 453 266 514 datum
287 446 568 530 synagogae,'quo
590 450 752 513 offenditur
772 457 804 512 et
824 467 845 511 ιι
865 449 987 513 christo
1010 449 1084 512 deii-
1108 494 1114 525 Ι

128 568 131 577 ·
156 560 219 641 ¹eit,
241 558 326 639 quod
349 564 456 634 gentes
478 555 538 637 sint
559 557 741 633 aequandae
763 557 853 634 ipsis.
936 610 940 618 .

259 720 504 839 [scribet
525 761 638 806 manu
659 762 731 807 sna
740 730 917 808 Domino

244 875 277 935 id
299 882 360 944 est,
382 873 574 936 confitebitur
594 873 772 955 Dominum,
793 874 835 934 ita
856 883 889 937 ut
911 873 985 967 nihil
1008 876 1083 939 inter

162 990 269 1072 gentes
298 988 327 1040 et
357 996 414 1041 nos
435 979 599 1045 iudaeos
593 977 731 1057 intersit
774 981 860 1043 Sicut
882 981 955 1042 dieii
976 980 1081 1045 Petris

160 1087 190 1148 in
209 1084 359 1162 Actis*):
393 1086 476 1148 Deus
506 1085 578 1165 nihii
608 1085 754 1148 discrevit
780 1086 857 1148 inter
887 1103 945 1149 ees
965 1095 996 1148 et
1016 1105 1080 1150 nos.

178 1338 203 1347 ..
249 1274 331 1350 'Ego
353 1275 500 1355 primus
524 1282 563 1367 et
583 1290 654 1352 ego
676 1256 1001 1353 novissimns¹)].

243 1405 328 1465 Haeo
349 1411 398 1464 est
417 1405 514 1464 eitera
535 1419 624 1480 pars,
646 1403 812 1465 eoniuteu'n
835 1403 953 1465 soitieet
973 1404 1082 1465 adver-

162 1512 326 1582 sariorum,
348 1525 387 1570 ne
408 1518 515 1586 putent
535 1509 645 1570 iudaei
665 1507 818 1572 Christum
841 1519 1009 1571 revomet
1028 1511 1087 1586 trti-x

161 1602 210 1677 urit
233 1612 329 1676 Deum
351 1631 437 1688 esse,
459 1615 550 1693 quasi
577 1615 674 1691 dieat:
701 1615 816 1694 [Nolite
838 1614 967 1687 offendi,
996 1622 1074 1695 quot

46 1777 49 1781 ,
88 1761 106 1771 ›-
161 1694 315 1798 a'bjicinnr
320 1723 423 1816 legem
445 1728 476 1782 et
497 1722 644 1815 populoru
667 1720 773 1797 legis.
799 1722 873 1787 Sum
900 1722 980 1783 enirn
1003 1723 1071 1788 iden

161 1830 356 1950 omnipotens
378 1810 476 1898 Deus,
487 1828 553 1905 qni
575 1826 617 1905 iui
638 1826 678 1891 eb
700 1827 792 1889 initio.

284 2016 445 2098 Plestae
467 2014 562 2075 idoli
583 2030 714 2076 ornnes
736 2013 835 2076 nihil
856 2023 958 2079 sunt.

241 2145 330 2206 Ridet
354 2142 418 2220 jenr
443 2143 590 2205 idotatres
621 2143 659 2204 ad
691 2143 918 2208 confirmandos
950 2148 981 2208 e't
1018 2151 1093 2213 eni.

160 2252 290 2313 mandes
314 2232 466 2327 piosffl‘),
488 2255 520 2311 ut
543 2249 675 2325 cogitent
696 2250 825 2327 scilieet,
848 2238 941 2329 ex²)'
957 2257 1076 2332 quentis

161 2357 315 2418 erroribus
338 2355 398 2415 sint
419 2355 564 2425 liberati,¹
585 2344 615 2416 et
637 2356 700 2417 Deo
730 2372 786 2432 pro
801 2370 804 2376 ·
819 2352 912 2418 terito·
931 2358 1077 2423 beneiioio

160 2470 253 2541 egent
274 2463 397 2537 gratias.
438 2460 492 2529 ¹Sic
513 2477 571 2522 nos
593 2477 719 2543 qnoque
738 2460 953 2538 confirmemur
974 2465 1004 2524 in
1026 2482 1079 2528 no·

50 2596 53 2604 ·
160 2580 224 2632 stra
246 2567 396 2636 doctrina,
418 2578 488 2626 enm
510 2566 593 2626 subit
615 2567 747 2630 animum
769 2569 819 2629 iiia
840 2570 1012 2646 papistione
1033 2588 1081 2632 re-

100 2709 105 2719 *
159 2676 280 2759 ligionis
302 2658 445 2750 impietes
467 2678 497 2731 et
519 2671 655 2732 stultitia.
700 2672 799 2747 Quare
824 2676 904 2736 male
925 2673 967 2735 iiii
992 2676 1079 2739 nobis

160 2782 333 2850 consulunt,
362 2778 414 2856 qui
435 2779 539 2839 notent
561 2786 695 2871 nronstre
726 2789 858 2871 papatus
880 2799 936 2859 pro
960 2786 1082 2846 eonein-

160 2887 250 2948 nibus
273 2885 428 2960 exagitari.
470 2884 558 2944 H'oe
555 2863 646 2945 eninr
673 2886 736 2960 ogit
758 2894 861 2959 satan,
888 2895 921 2949 ut
951 2889 1081 2950 sublatis

66 3030 69 3049 ι
163 2991 223 3052 itiis
248 2964 525 3073 abominationibus
547 3007 565 3050 e
587 2991 713 3051 medio'
715 3007 773 3052 nos
776 2994 856 3077 iper
873 2993 1013 3069 speeiem
1037 3012 1083 3055 re

47 3106 63 3187 ,s
161 3098 281 3174 ligionis
304 3097 342 3156 ed
365 3102 511 3172 papatum
532 3096 666 3156 reducat.
710 3084 839 3159 Prodest
859 3096 968 3174 igitur,
997 3117 1089 3163 mons

95 3257 97 3260 ,
160 3198 496 3281 stremonnsticam),
518 3201 984 3276 setisiaetiones,onissationes,
1006 3224 1080 3282 pur·
1121 3254 1124 3263 .

190 3372 264 3440 ·)
284 3371 509 3436 Aeto.15.'*)
530 3368 722 3427 Confirmantur
740 3373 842 3440 piorum
862 3352 1095 3444 antmtategens

162 3467 211 3522 (ins
231 3468 352 3547 gratioe.
377 3467 444 3532 m)
464 3464 606 3518 Maeotica
624 3474 748 3519 monetrn

235 3562 266 3628 1)
286 3558 747 3615 inedit.1532horunrverborum
767 3563 898 3615 enarratio
919 3563 959 3616 eie
975 3563 1083 3643 incipit.

162 3657 209 3710 Est
235 3656 322 3709 simiie
344 3656 485 3722 superiori.
504 3653 592 3707 Nolite
612 3655 708 3707 oiiendi
727 3663 777 3708 etc
822 3655 1084 3724 2)1neoit.1e³2

154 3752 245 3805 deest:
265 3766 306 3804 er.
352 3800 388 3844 Γ
431 3785 457 3813 a
