2258 4170
81 198 87 209 ·
107 136 169 227 ³16
393 200 395 207 ι
424 165 568 227 Enarralio
590 170 703 237 uberior

81 386 89 395 .
107 345 250 415 consilia,
271 343 332 421 hoe
354 353 424 418 esi..
446 347 530 424 quod
553 347 747 409 dicuntsine
769 346 1012 425 illiszpr‘aeeeplis

105 465 200 527 posse
223 448 526 522 saltarihominem,
554 469 610 514 nee
632 468 764 515 neeesse
787 469 876 538 esse,
905 460 1012 514 utser·

104 562 155 615 vet
175 571 213 615 ea
234 554 341 629 homo,
362 556 421 616 nisi
443 556 514 634 quis
536 559 609 617 velit
628 558 693 619 lleri
714 544 886 637 perlectus,
913 557 1012 632 idest,

103 658 282 722 monachus.
324 661 361 721 Et
382 660 569 745 dislinguuol
591 664 754 725 eeclesiam
776 665 806 724 in
831 662 1012 726 Christianos

104 768 255 843 perlectos
284 746 314 828 et
342 767 546 843 imperfectos.
587 769 787 845 Imperfectus
815 769 953 845 relegant
982 769 1013 829 ai

102 855 300 948 decalogum*
313 888 445 950 eumque
464 873 503 933 ab
526 873 584 934 illis
602 875 789 947 servandum
813 890 887 934 esse
910 873 1013 946 dieunt

102 986 218 1061 eleos,
241 970 294 1069 qui
306 979 501 1053 decalogum
516 987 647 1051 servant
669 980 784 1040 salvari
807 960 929 1069 donent,
951 978 1013 1040 Per·

101 1086 190 1146 leolis
218 1100 293 1147 vero
328 1083 430 1145 dieunt
465 1085 619 1166 servanpa
648 1101 721 1146 esse
745 1069 921 1161 scansilia„
941 1100 1013 1161 quae

103 1191 162 1268 ipsi
184 1197 292 1266 putant
313 1206 331 1250 a
354 1188 476 1251 Christo
498 1188 607 1251 Matth'
625 1187 751 1252 besse
779 1191 909 1263 tradita,
939 1191 1014 1252 vide·

102 1285 187 1368 lieet,
208 1313 279 1358 ,non
301 1295 394 1368 irasci
415 1295 511 1367 fratri,
548 1294 687 1374 inimicos
718 1312 825 1381 amare
845 1303 906 1357 ele
948 1295 1037 1370 Quis·

103 1403 182 1463 enim
210 1409 313 1479 polest
341 1416 444 1474 amare
466 1401 634 1462 inimicust
670 1403 817 1481 inquiunt.
861 1396 948 1484 Haec
973 1403 1014 1463 e'sl

56 1496 60 1503 “
102 1502 258 1584 theologia
279 1508 328 1568 illa
341 1507 543 1581 Scholastica,
565 1507 656 1571 immo
679 1508 927 1585 verediabulipa.
956 1508 1014 1570 Hos

8 1664 12 1668 .
106 1614 314 1676 exsecrandos
335 1629 455 1675 errores
486 1615 605 1691 peperit
627 1609 717 1675 nobis
737 1621 875 1691 papatus
898 1621 931 1674 et
950 1613 1016 1675 Sor-

107 1721 189 1781 bona
208 1718 403 1783 Parisiensis.
445 1717 523 1780 Nihil
546 1720 647 1774 lamen
668 1713 777 1793 horum
799 1735 941 1782 errorum
968 1737 1015 1797 ag.

41 1851 45 1855 ·
102 1840 232 1888 noscere
253 1825 413 1887 sustinent.
444 1825 522 1887 inler
539 1821 667 1884 consilia
689 1840 727 1901 ea
738 1804 921 1912 enumerant
931 1822 1015 1912 'etiam

102 1933 330 2004 continentiam,
350 1930 456 1994 Matlh.
481 1928 549 1993 19:
571 1930 626 2007 Qui
648 1938 750 2008 polest
770 1947 895 2008 capere·
910 1931 1013 2009 capiat
1055 1948 1057 1961 ·

59 2100 65 2108 ,
102 2040 168 2101 Hae
189 2041 311 2114 luerunt·
327 2036 490 2098 horribiles
513 2036 666 2098 tenebrae.
712 2089 715 2097 .

184 2145 215 2204 lu
236 2143 284 2205 bis
307 2141 438 2204 tenebris
460 2150 552 2220 alque
571 2158 674 2204 errore
694 2130 813 2213 lait'ul
830 2140 910 2212 dixi,
925 2157 1014 2202 saue·

13 2228 17 2234 ⁵
104 2260 152 2314 tus
174 2252 223 2313 ille
246 2256 361 2326 marlyr
380 2226 537 2310 lohannes
558 2248 650 2309 iluss.
694 2247 755 2308 Sed
779 2246 863 2323 ignis
892 2255 923 2308 et
951 2263 1014 2308 san·

21 2400 27 2421 .
104 2360 173 2434 guis
194 2356 276 2416 huno
297 2354 365 2430 ejus
388 2336 519 2416 errorem
542 2355 693 2430 purgavit,
712 2360 748 2423 ut
767 2353 963 2429 Augustinus
983 2354 1015 2415 de

105 2461 258 2540 Cypriane
272 2462 350 2534 dicit,
372 2461 532 2524 Confessio
547 2458 614 2534 ejus
627 2457 834 2535 pulcherrima
848 2459 887 2519 de
902 2458 1013 2521 christo

103 2568 186 2629 huno
204 2562 347 2629 errorem
375 2568 414 2628 de
442 2566 666 2645 Anaboplismuo
694 2565 864 2642 absorpsit.
890 2565 1015 2656 ¹Siout

104 2690 238 2735 errorem
272 2674 303 2735 S.
340 2672 488 2735 lobannis
519 2670 611 2732 Hoss.
660 2669 790 2747 Expedit
823 2678 927 2732 autern
965 2686 1013 2732 vos

106 2780 284 2841 meminisse
317 2781 418 2865 talium
442 2784 662 2847 monstrorum,
696 2784 729 2836 ul
761 2765 909 2837 caveatis
925 2775 1015 2848 vobis,

67 2928 75 2947 a
107 2884 201 2963 utque
223 2887 337 2961 gratias
360 2887 460 2960 agatis
473 2885 546 2956 Deo,
570 2870 653 2959 quod
676 2881 745 2943 iude
764 2874 885 2942 liberati
907 2896 1015 2953 sumus,

105 2999 135 3052 et
156 2999 190 3052 ut
211 2991 359 3063 habeatis,
383 2989 465 3068 quod
481 2989 731 3065 superbientibus
753 2983 783 3049 et
803 2987 1015 3049 ferocientibus

106 3098 237 3176 papistis
270 3100 308 3158 de
339 3114 396 3157 suo
425 3094 557 3155 eeclesia
586 3110 743 3170 opponere
774 3093 922 3171 possitis,
962 3099 1015 3170 qu'o
1048 3162 1052 3177 Ι

105 3204 275 3267 modestius
297 3205 476 3280 glorientur,
498 3216 555 3259 neo
577 3215 612 3260 se
634 3200 672 3259 ab
697 3200 893 3276 omni-culpa
916 3200 1017 3259 immu-

1 3283 32 3332 ‘.
104 3327 160 3391 nes
183 3327 254 3371 esse
276 3309 410 3386 nihilque
433 3321 568 3385 unquam
590 3305 620 3377 iu
642 3303 752 3364 Christi
776 3305 943 3366 ecelesiam
972 3305 1018 3365 ad·

1 3477 2 3494 ¹
108 3418 233 3478 misisse
254 3423 367 3493 putent.
407 3413 483 3489 Quid
507 3414 585 3473 enini
602 3411 726 3477 ,dicenti
750 3423 813 3485 quo
837 3426 892 3471 ore
914 3427 952 3471 se
972 3427 1019 3472 er·

107 3522 277 3584 eusabunl'l
320 3539 380 3602 qno
418 3523 519 3583 colore
552 3510 733 3580 seeleralurn
766 3525 862 3594 alque
887 3512 1019 3595 impium

77 3639 245 3706 'errorem
269 3616 350 3690 hune
373 3628 549 3700 tuebuntur,
576 3625 659 3703 quod
682 3616 787 3688 eontra
809 3629 952 3716 apertum
972 3623 1046 3684 Dei‘

56 3718 59 3723 ¹
111 3734 237 3827 verbum
259 3734 421 3799 duodecim
443 3720 732 3822 eonsilia'evangelii
752 3737 915 3801 iecerunt?
942 3737 1022 3813 Quid.
