<?xml version="1.0" encoding="UTF-8"?>
<!DOCTYPE html PUBLIC "-//W3C//DTD XHTML 1.0 Transitional//EN"
    "http://www.w3.org/TR/xhtml1/DTD/xhtml1-transitional.dtd">
<html xmlns="http://www.w3.org/1999/xhtml" xml:lang="en" lang="en">
 <head>
  <title>
</title>
<meta http-equiv="Content-Type" content="text/html;charset=utf-8" />
  <meta name='ocr-system' content='tesseract 3.04.00' />
  <meta name='ocr-capabilities' content='ocr_page ocr_carea ocr_par ocr_line ocrx_word'/>
</head>
<body>
  <div class='ocr_page' id='page_1' title='image "./exegeticaoperal01luthgoog_0311.png"; bbox 0 0 2258 4170; ppageno 0'>
   <div class='ocr_carea' id='block_1_1' title="bbox 101 148 643 223">
    <p class='ocr_par' dir='ltr' id='par_1_1' title="bbox 101 148 643 223">
     <span class='ocr_line' id='line_1_1' title="bbox 101 148 643 223; baseline 0.002 -1"><span class='ocrx_word' id='word_1_1' title='bbox 101 150 167 222; x_wconf 77' lang='grc'><strong>300</strong></span> <span class='ocrx_word' id='word_1_2' title='bbox 432 211 437 217; x_wconf 92' lang='grc'>.</span> <span class='ocrx_word' id='word_1_3' title='bbox 498 148 643 223; x_wconf 80' lang='lat' dir='ltr'><strong>Praefatio.</strong></span> 
     </span>
    </p>
   </div>
   <div class='ocr_carea' id='block_1_2' title="bbox 31 332 920 3806">
    <p class='ocr_par' dir='ltr' id='par_1_2' title="bbox 39 332 920 1588">
     <span class='ocr_line' id='line_1_2' title="bbox 109 332 917 425; baseline -0.009 -14"><span class='ocrx_word' id='word_1_4' title='bbox 109 343 150 411; x_wconf 81' lang='lat' dir='ltr'><strong>de</strong></span> <span class='ocrx_word' id='word_1_5' title='bbox 184 332 304 409; x_wconf 81' lang='lat' dir='ltr'><strong>Obristo</strong></span> <span class='ocrx_word' id='word_1_6' title='bbox 326 344 571 425; x_wconf 76' lang='lat' dir='ltr'><strong>eiusqueregno</strong></span> <span class='ocrx_word' id='word_1_7' title='bbox 594 345 768 408; x_wconf 78' lang='lat' dir='ltr'><strong>vaticinium</strong></span> <span class='ocrx_word' id='word_1_8' title='bbox 789 359 917 406; x_wconf 85' lang='lat' dir='ltr'><strong>reveren</strong></span> 
     </span>
     <span class='ocr_line' id='line_1_3' title="bbox 111 450 920 530; baseline -0.006 -15"><span class='ocrx_word' id='word_1_9' title='bbox 111 450 233 515; x_wconf 75' lang='lat' dir='ltr'><strong>Christo</strong></span> <span class='ocrx_word' id='word_1_10' title='bbox 266 460 354 530; x_wconf 87' lang='lat' dir='ltr'><strong>pater</strong></span> <span class='ocrx_word' id='word_1_11' title='bbox 384 453 418 517; x_wconf 82' lang='lat' dir='ltr'><strong>D.</strong></span> <span class='ocrx_word' id='word_1_12' title='bbox 441 453 475 517; x_wconf 82' lang='lat' dir='ltr'><strong>D.</strong></span> <span class='ocrx_word' id='word_1_13' title='bbox 498 453 645 515; x_wconf 86' lang='lat' dir='ltr'><strong>Martinus</strong></span> <span class='ocrx_word' id='word_1_14' title='bbox 666 451 820 513; x_wconf 86' lang='lat' dir='ltr'><strong>Lutbems</strong></span> <span class='ocrx_word' id='word_1_15' title='bbox 852 455 920 510; x_wconf 87' lang='lat' dir='ltr'><strong>ante</strong></span> 
     </span>
     <span class='ocr_line' id='line_1_4' title="bbox 39 556 920 640; baseline -0.011 -13"><span class='ocrx_word' id='word_1_16' title='bbox 39 556 58 627; x_wconf 65' lang='lat'><strong>&#39;.</strong></span> <span class='ocrx_word' id='word_1_17' title='bbox 111 558 210 628; x_wconf 88' lang='lat' dir='ltr'><strong>nium,</strong></span> <span class='ocrx_word' id='word_1_18' title='bbox 245 559 417 621; x_wconf 86' lang='lat' dir='ltr'><strong>intermissa</strong></span> <span class='ocrx_word' id='word_1_19' title='bbox 440 576 495 637; x_wconf 89' lang='lat' dir='ltr'><strong>per</strong></span> <span class='ocrx_word' id='word_1_20' title='bbox 515 575 608 621; x_wconf 90' lang='lat' dir='ltr'><strong>unum</strong></span> <span class='ocrx_word' id='word_1_21' title='bbox 631 567 724 640; x_wconf 86' lang='lat' dir='ltr'><strong>atque</strong></span> <span class='ocrx_word' id='word_1_22' title='bbox 745 558 874 619; x_wconf 88' lang='lat' dir='ltr'><strong>alterum</strong></span> <span class='ocrx_word' id='word_1_23' title='bbox 896 573 920 617; x_wconf 91' lang='lat' dir='ltr'><strong>m</strong></span> 
     </span>
     <span class='ocr_line' id='line_1_5' title="bbox 112 651 917 743; baseline -0.005 -17"><span class='ocrx_word' id='word_1_24' title='bbox 112 663 270 726; x_wconf 83' lang='lat' dir='ltr'><strong>Geneseos</strong></span> <span class='ocrx_word' id='word_1_25' title='bbox 286 665 333 739; x_wconf 89' lang='lat' dir='ltr'><strong>(in</strong></span> <span class='ocrx_word' id='word_1_26' title='bbox 346 681 409 743; x_wconf 87' lang='lat' dir='ltr'><strong>qua</strong></span> <span class='ocrx_word' id='word_1_27' title='bbox 430 665 611 743; x_wconf 84' lang='lat' dir='ltr'><strong>explicanda</strong></span> <span class='ocrx_word' id='word_1_28' title='bbox 633 675 696 729; x_wconf 87' lang='lat' dir='ltr'><strong>tum</strong></span> <span class='ocrx_word' id='word_1_29' title='bbox 720 651 917 737; x_wconf 77' lang='lat' dir='ltr'><strong>uersabatur)</strong></span> 
     </span>
     <span class='ocr_line' id='line_1_6' title="bbox 101 769 920 854; baseline -0.004 -23"><span class='ocrx_word' id='word_1_30' title='bbox 101 769 253 842; x_wconf 82' lang='lat' dir='ltr'><strong>lectione,</strong></span> <span class='ocrx_word' id='word_1_31' title='bbox 287 770 317 832; x_wconf 94' lang='lat' dir='ltr'><strong>id</strong></span> <span class='ocrx_word' id='word_1_32' title='bbox 339 770 452 835; x_wconf 77' lang='lat' dir='ltr'><strong>Esaiae</strong></span> <span class='ocrx_word' id='word_1_33' title='bbox 482 772 654 854; x_wconf 72' lang='lat' dir='ltr'><strong>vaticinium</strong></span> <span class='ocrx_word' id='word_1_34' title='bbox 677 772 737 835; x_wconf 91' lang='lat' dir='ltr'><strong>sub</strong></span> <span class='ocrx_word' id='word_1_35' title='bbox 757 772 786 832; x_wconf 92' lang='lat' dir='ltr'><strong>id</strong></span> <span class='ocrx_word' id='word_1_36' title='bbox 810 779 920 846; x_wconf 85' lang='lat' dir='ltr'><strong>tempu</strong></span> 
     </span>
     <span class='ocr_line' id='line_1_7' title="bbox 110 875 920 945; baseline -0.004 -7"><span class='ocrx_word' id='word_1_37' title='bbox 110 877 142 938; x_wconf 89' lang='lat' dir='ltr'><strong>in</strong></span> <span class='ocrx_word' id='word_1_38' title='bbox 173 875 305 942; x_wconf 87' lang='lat' dir='ltr'><strong>ecelesia</strong></span> <span class='ocrx_word' id='word_1_39' title='bbox 326 877 482 945; x_wconf 84' lang='lat' dir='ltr'><strong>salvificae</strong></span> <span class='ocrx_word' id='word_1_40' title='bbox 504 877 672 941; x_wconf 85' lang='lat' dir='ltr'><strong>nativitatis</strong></span> <span class='ocrx_word' id='word_1_41' title='bbox 693 876 841 940; x_wconf 89' lang='lat' dir='ltr'><strong>memoria</strong></span> <span class='ocrx_word' id='word_1_42' title='bbox 861 892 920 938; x_wconf 87' lang='lat' dir='ltr'><strong>rem</strong></span> 
     </span>
     <span class='ocr_line' id='line_1_8' title="bbox 112 971 920 1061; baseline -0.002 -17"><span class='ocrx_word' id='word_1_43' title='bbox 112 981 287 1060; x_wconf 76' lang='lat' dir='ltr'><strong>diligentius</strong></span> <span class='ocrx_word' id='word_1_44' title='bbox 317 989 348 1044; x_wconf 90' lang='lat' dir='ltr'><strong>et</strong></span> <span class='ocrx_word' id='word_1_45' title='bbox 368 983 508 1046; x_wconf 85' lang='lat' dir='ltr'><strong>exactius</strong></span> <span class='ocrx_word' id='word_1_46' title='bbox 529 971 621 1061; x_wconf 78' lang='lat' dir='ltr'><strong>qnam</strong></span> <span class='ocrx_word' id='word_1_47' title='bbox 643 985 757 1046; x_wconf 88' lang='lat' dir='ltr'><strong>lecerat</strong></span> <span class='ocrx_word' id='word_1_48' title='bbox 778 989 864 1054; x_wconf 89' lang='lat' dir='ltr'><strong>ante,</strong></span> <span class='ocrx_word' id='word_1_49' title='bbox 895 997 920 1042; x_wconf 83' lang='lat' dir='ltr'><strong>cr</strong></span> 
     </span>
     <span class='ocr_line' id='line_1_9' title="bbox 109 1087 909 1175; baseline -0.003 -25"><span class='ocrx_word' id='word_1_50' title='bbox 109 1095 178 1150; x_wconf 91' lang='lat' dir='ltr'><strong>tum·</strong></span> <span class='ocrx_word' id='word_1_51' title='bbox 203 1087 325 1175; x_wconf 79' lang='lat' dir='ltr'><strong>Esaiam</strong></span> <span class='ocrx_word' id='word_1_52' title='bbox 354 1091 558 1166; x_wconf 74' lang='lat' dir='ltr'><strong>praelegerat,</strong></span> <span class='ocrx_word' id='word_1_53' title='bbox 592 1089 794 1152; x_wconf 83' lang='lat' dir='ltr'><strong>coemendum</strong></span> <span class='ocrx_word' id='word_1_54' title='bbox 824 1087 909 1149; x_wconf 89' lang='lat' dir='ltr'><strong>duxit</strong></span> 
     </span>
     <span class='ocr_line' id='line_1_10' title="bbox 108 1182 903 1279; baseline -0.004 -23"><span class='ocrx_word' id='word_1_55' title='bbox 108 1195 201 1256; x_wconf 91' lang='lat' dir='ltr'><strong>etiam</strong></span> <span class='ocrx_word' id='word_1_56' title='bbox 223 1182 411 1269; x_wconf 84' lang='lat' dir='ltr'><strong>dexteritate,</strong></span> <span class='ocrx_word' id='word_1_57' title='bbox 433 1194 539 1273; x_wconf 82' lang='lat' dir='ltr'><strong>gratia,</strong></span> <span class='ocrx_word' id='word_1_58' title='bbox 562 1196 668 1273; x_wconf 89' lang='lat' dir='ltr'><strong>copia,</strong></span> <span class='ocrx_word' id='word_1_59' title='bbox 692 1193 853 1271; x_wconf 79' lang='lat' dir='ltr'><strong>maJestate</strong></span> <span class='ocrx_word' id='word_1_60' title='bbox 874 1202 903 1279; x_wconf 86' lang='lat' dir='ltr'><strong>et</strong></span> 
     </span>
     <span class='ocr_line' id='line_1_11' title="bbox 112 1286 920 1391; baseline -0.004 -29"><span class='ocrx_word' id='word_1_61' title='bbox 112 1300 327 1391; x_wconf 83' lang='lat' dir='ltr'><strong>enarravit,ut</strong></span> <span class='ocrx_word' id='word_1_62' title='bbox 349 1286 420 1362; x_wconf 73' lang='lat' dir='ltr'><strong>uere</strong></span> <span class='ocrx_word' id='word_1_63' title='bbox 442 1300 493 1363; x_wconf 89' lang='lat' dir='ltr'><strong>bie</strong></span> <span class='ocrx_word' id='word_1_64' title='bbox 514 1301 572 1362; x_wconf 89' lang='lat' dir='ltr'><strong>dici</strong></span> <span class='ocrx_word' id='word_1_65' title='bbox 595 1301 703 1379; x_wconf 81' lang='lat' dir='ltr'><strong>possit,</strong></span> <span class='ocrx_word' id='word_1_66' title='bbox 723 1308 757 1361; x_wconf 90' lang='lat' dir='ltr'><strong>ut</strong></span> <span class='ocrx_word' id='word_1_67' title='bbox 773 1299 880 1361; x_wconf 83' lang='lat' dir='ltr'><strong>Graeci</strong></span> <span class='ocrx_word' id='word_1_68' title='bbox 903 1301 920 1359; x_wconf 76' lang='lat' dir='ltr'><strong>lt</strong></span> 
     </span>
     <span class='ocr_line' id='line_1_12' title="bbox 110 1397 920 1492; baseline -0.004 -24"><span class='ocrx_word' id='word_1_69' title='bbox 110 1397 521 1492; x_wconf 58' lang='lat' dir='ltr'><strong>{recomponensque</strong></span> <span class='ocrx_word' id='word_1_70' title='bbox 535 1402 740 1492; x_wconf 71' lang='grc' dir='ltr'><strong><em>σοφώτεραι,</em></strong></span> <span class='ocrx_word' id='word_1_71' title='bbox 760 1406 790 1467; x_wconf 91' lang='lat' dir='ltr'><strong>id</strong></span> <span class='ocrx_word' id='word_1_72' title='bbox 804 1413 859 1476; x_wconf 85' lang='lat' dir='ltr'><strong>est,</strong></span> <span class='ocrx_word' id='word_1_73' title='bbox 883 1422 920 1481; x_wconf 87' lang='lat' dir='ltr'><strong>po</strong></span> 
     </span>
     <span class='ocr_line' id='line_1_13' title="bbox 109 1512 732 1588; baseline -0.003 -13"><span class='ocrx_word' id='word_1_74' title='bbox 109 1528 162 1575; x_wconf 88' lang='lat' dir='ltr'><strong>res</strong></span> <span class='ocrx_word' id='word_1_75' title='bbox 184 1512 385 1588; x_wconf 74' lang='lat' dir='ltr'><strong>cogitationes</strong></span> <span class='ocrx_word' id='word_1_76' title='bbox 408 1513 550 1575; x_wconf 91' lang='lat' dir='ltr'><strong>meliores</strong></span> <span class='ocrx_word' id='word_1_77' title='bbox 572 1529 653 1575; x_wconf 87' lang='lat' dir='ltr'><strong>asse.</strong></span> <span class='ocrx_word' id='word_1_78' title='bbox 729 1515 732 1519; x_wconf 80' lang='grc'><em>’</em></span> 
     </span>
    </p>

    <p class='ocr_par' dir='ltr' id='par_1_3' title="bbox 31 1612 920 3596">
     <span class='ocr_line' id='line_1_14' title="bbox 194 1612 915 1695; baseline -0.003 -17"><span class='ocrx_word' id='word_1_79' title='bbox 194 1616 268 1679; x_wconf 82' lang='lat' dir='ltr'><strong>Eam</strong></span> <span class='ocrx_word' id='word_1_80' title='bbox 291 1612 513 1680; x_wconf 77' lang='lat' dir='ltr'><strong>enarrationem</strong></span> <span class='ocrx_word' id='word_1_81' title='bbox 535 1617 574 1678; x_wconf 88' lang='grc' dir='ltr'><strong>Μ.</strong></span> <span class='ocrx_word' id='word_1_82' title='bbox 597 1619 747 1695; x_wconf 83' lang='lat' dir='ltr'><strong>Georgius</strong></span> <span class='ocrx_word' id='word_1_83' title='bbox 770 1615 915 1677; x_wconf 86' lang='lat' dir='ltr'><strong>Rorarius</strong></span> 
     </span>
     <span class='ocr_line' id='line_1_15' title="bbox 111 1721 920 1800; baseline -0.002 -18"><span class='ocrx_word' id='word_1_84' title='bbox 111 1721 210 1800; x_wconf 89' lang='lat' dir='ltr'><strong>ipsius</strong></span> <span class='ocrx_word' id='word_1_85' title='bbox 242 1721 398 1785; x_wconf 87' lang='lat' dir='ltr'><strong>indelessa</strong></span> <span class='ocrx_word' id='word_1_86' title='bbox 432 1730 481 1784; x_wconf 90' lang='lat' dir='ltr'><strong>est</strong></span> <span class='ocrx_word' id='word_1_87' title='bbox 507 1722 677 1799; x_wconf 79' lang='lat' dir='ltr'><strong>diligentia,</strong></span> <span class='ocrx_word' id='word_1_88' title='bbox 712 1738 768 1800; x_wconf 90' lang='lat' dir='ltr'><strong>pro</strong></span> <span class='ocrx_word' id='word_1_89' title='bbox 797 1736 881 1781; x_wconf 91' lang='lat' dir='ltr'><strong>more</strong></span> <span class='ocrx_word' id='word_1_90' title='bbox 909 1737 920 1780; x_wconf 91' lang='lat' dir='ltr'><strong>s</strong></span> 
     </span>
     <span class='ocr_line' id='line_1_16' title="bbox 109 1814 888 1918; baseline -0.008 -28"><span class='ocrx_word' id='word_1_91' title='bbox 109 1830 212 1918; x_wconf 81' lang='lat' dir='ltr'><strong>ipsius</strong></span> <span class='ocrx_word' id='word_1_92' title='bbox 229 1814 352 1890; x_wconf 83' lang='lat' dir='ltr'><strong>Lutberi</strong></span> <span class='ocrx_word' id='word_1_93' title='bbox 374 1843 427 1889; x_wconf 91' lang='lat' dir='ltr'><strong>ore</strong></span> <span class='ocrx_word' id='word_1_94' title='bbox 449 1834 625 1905; x_wconf 82' lang='lat' dir='ltr'><strong>exceperat,</strong></span> <span class='ocrx_word' id='word_1_95' title='bbox 662 1826 722 1889; x_wconf 89' lang='lat' dir='ltr'><strong>boc</strong></span> <span class='ocrx_word' id='word_1_96' title='bbox 742 1826 888 1914; x_wconf 81' lang='lat' dir='ltr'><strong>oonsilio,</strong></span> 
     </span>
     <span class='ocr_line' id='line_1_17' title="bbox 103 1930 916 2029; baseline -0.011 -31"><span class='ocrx_word' id='word_1_97' title='bbox 103 1932 403 2029; x_wconf 37' lang='lat' dir='ltr'><strong>‘quandodescripta</strong></span> <span class='ocrx_word' id='word_1_98' title='bbox 418 1934 446 1993; x_wconf 90' lang='lat' dir='ltr'><strong>in</strong></span> <span class='ocrx_word' id='word_1_99' title='bbox 466 1933 621 2010; x_wconf 88' lang='lat' dir='ltr'><strong>pubiicum</strong></span> <span class='ocrx_word' id='word_1_100' title='bbox 644 1933 681 1993; x_wconf 91' lang='lat' dir='ltr'><strong>ad</strong></span> <span class='ocrx_word' id='word_1_101' title='bbox 703 1930 855 1994; x_wconf 89' lang='lat' dir='ltr'><strong>ecciesiae</strong></span> <span class='ocrx_word' id='word_1_102' title='bbox 877 1931 916 1990; x_wconf 90' lang='lat' dir='ltr'><strong>uti</strong></span> 
     </span>
     <span class='ocr_line' id='line_1_18' title="bbox 110 2036 920 2123; baseline -0.01 -21"><span class='ocrx_word' id='word_1_103' title='bbox 110 2042 252 2123; x_wconf 80' lang='lat' dir='ltr'><strong>ederetpr</strong></span> <span class='ocrx_word' id='word_1_104' title='bbox 278 2045 308 2100; x_wconf 92' lang='lat' dir='ltr'><strong>et</strong></span> <span class='ocrx_word' id='word_1_105' title='bbox 330 2037 438 2113; x_wconf 82' lang='lat' dir='ltr'><strong>siead</strong></span> <span class='ocrx_word' id='word_1_106' title='bbox 461 2046 603 2116; x_wconf 87' lang='lat' dir='ltr'><strong>posteros</strong></span> <span class='ocrx_word' id='word_1_107' title='bbox 626 2053 751 2118; x_wconf 91' lang='lat' dir='ltr'><strong>quoque</strong></span> <span class='ocrx_word' id='word_1_108' title='bbox 771 2036 920 2097; x_wconf 89' lang='lat' dir='ltr'><strong>transmitl</strong></span> 
     </span>
     <span class='ocr_line' id='line_1_19' title="bbox 111 2141 920 2223; baseline -0.009 -14"><span class='ocrx_word' id='word_1_109' title='bbox 111 2145 174 2209; x_wconf 90' lang='lat' dir='ltr'><strong>Sed</strong></span> <span class='ocrx_word' id='word_1_110' title='bbox 193 2153 319 2223; x_wconf 86' lang='lat' dir='ltr'><strong>propter</strong></span> <span class='ocrx_word' id='word_1_111' title='bbox 340 2143 418 2205; x_wconf 85' lang='lat' dir='ltr'><strong>alios</strong></span> <span class='ocrx_word' id='word_1_112' title='bbox 440 2159 552 2220; x_wconf 83' lang='lat' dir='ltr'><strong>graves</strong></span> <span class='ocrx_word' id='word_1_113' title='bbox 575 2160 612 2205; x_wconf 88' lang='lat' dir='ltr'><strong>ac</strong></span> <span class='ocrx_word' id='word_1_114' title='bbox 633 2145 744 2205; x_wconf 91' lang='lat' dir='ltr'><strong>multos</strong></span> <span class='ocrx_word' id='word_1_115' title='bbox 766 2141 898 2211; x_wconf 86' lang='lat' dir='ltr'><strong>labores,</strong></span> <span class='ocrx_word' id='word_1_116' title='bbox 919 2178 920 2188; x_wconf 55' lang='lat'><strong>,</strong></span> 
     </span>
     <span class='ocr_line' id='line_1_20' title="bbox 112 2248 920 2327; baseline -0.009 -13"><span class='ocrx_word' id='word_1_117' title='bbox 112 2252 256 2320; x_wconf 89' lang='lat' dir='ltr'><strong>obruitur,</strong></span> <span class='ocrx_word' id='word_1_118' title='bbox 278 2266 337 2311; x_wconf 89' lang='lat' dir='ltr'><strong>non</strong></span> <span class='ocrx_word' id='word_1_119' title='bbox 365 2250 461 2327; x_wconf 87' lang='lat' dir='ltr'><strong>potuit</strong></span> <span class='ocrx_word' id='word_1_120' title='bbox 483 2250 550 2327; x_wconf 91' lang='lat' dir='ltr'><strong>ipse</strong></span> <span class='ocrx_word' id='word_1_121' title='bbox 572 2268 609 2311; x_wconf 88' lang='lat' dir='ltr'><strong>ea</strong></span> <span class='ocrx_word' id='word_1_122' title='bbox 633 2266 714 2326; x_wconf 86' lang='lat' dir='ltr'><strong>quoe</strong></span> <span class='ocrx_word' id='word_1_123' title='bbox 735 2248 848 2310; x_wconf 90' lang='lat' dir='ltr'><strong>cursim</strong></span> <span class='ocrx_word' id='word_1_124' title='bbox 872 2263 920 2307; x_wconf 80' lang='lat' dir='ltr'><strong>cxc</strong></span> 
     </span>
     <span class='ocr_line' id='line_1_21' title="bbox 115 2355 920 2431; baseline -0.006 -13"><span class='ocrx_word' id='word_1_125' title='bbox 115 2358 289 2420; x_wconf 81' lang='lat' dir='ltr'><strong>describere</strong></span> <span class='ocrx_word' id='word_1_126' title='bbox 316 2363 347 2416; x_wconf 91' lang='lat' dir='ltr'><strong>et</strong></span> <span class='ocrx_word' id='word_1_127' title='bbox 373 2356 410 2417; x_wconf 89' lang='lat' dir='ltr'><strong>ad</strong></span> <span class='ocrx_word' id='word_1_128' title='bbox 434 2355 596 2417; x_wconf 86' lang='lat' dir='ltr'><strong>editionem</strong></span> <span class='ocrx_word' id='word_1_129' title='bbox 619 2357 749 2416; x_wconf 81' lang='lat' dir='ltr'><strong>formare</strong></span> <span class='ocrx_word' id='word_1_130' title='bbox 773 2362 868 2431; x_wconf 88' lang='lat' dir='ltr'><strong>atque</strong></span> <span class='ocrx_word' id='word_1_131' title='bbox 889 2369 920 2414; x_wconf 80' lang='lat' dir='ltr'><strong>eu</strong></span> 
     </span>
     <span class='ocr_line' id='line_1_22' title="bbox 114 2459 920 2540; baseline -0.01 -14"><span class='ocrx_word' id='word_1_132' title='bbox 114 2462 261 2540; x_wconf 82' lang='lat' dir='ltr'><strong>Quamvis</strong></span> <span class='ocrx_word' id='word_1_133' title='bbox 292 2461 370 2522; x_wconf 88' lang='lat' dir='ltr'><strong>enlm</strong></span> <span class='ocrx_word' id='word_1_134' title='bbox 395 2461 468 2522; x_wconf 89' lang='lat' dir='ltr'><strong>mire</strong></span> <span class='ocrx_word' id='word_1_135' title='bbox 490 2461 632 2538; x_wconf 88' lang='lat' dir='ltr'><strong>expedita</strong></span> <span class='ocrx_word' id='word_1_136' title='bbox 655 2459 796 2520; x_wconf 79' lang='lat' dir='ltr'><strong>sitdllius</strong></span> <span class='ocrx_word' id='word_1_137' title='bbox 819 2460 849 2519; x_wconf 89' lang='lat' dir='ltr'><strong>in</strong></span> <span class='ocrx_word' id='word_1_138' title='bbox 871 2474 920 2518; x_wconf 89' lang='lat' dir='ltr'><strong>ser</strong></span> 
     </span>
     <span class='ocr_line' id='line_1_23' title="bbox 115 2564 899 2644; baseline -0.011 -12"><span class='ocrx_word' id='word_1_139' title='bbox 115 2567 255 2632; x_wconf 86' lang='lat' dir='ltr'><strong>celeritas</strong></span> <span class='ocrx_word' id='word_1_140' title='bbox 288 2574 319 2636; x_wconf 92' lang='lat' dir='ltr'><strong>et</strong></span> <span class='ocrx_word' id='word_1_141' title='bbox 342 2567 509 2642; x_wconf 66' lang='lat' dir='ltr'><strong>&#39;singularis</strong></span> <span class='ocrx_word' id='word_1_142' title='bbox 538 2565 689 2644; x_wconf 88' lang='lat' dir='ltr'><strong>quaedam</strong></span> <span class='ocrx_word' id='word_1_143' title='bbox 717 2564 899 2634; x_wconf 88' lang='lat' dir='ltr'><strong>dexteritas,</strong></span> 
     </span>
     <span class='ocr_line' id='line_1_24' title="bbox 117 2668 920 2750; baseline -0.012 -13"><span class='ocrx_word' id='word_1_144' title='bbox 117 2675 181 2737; x_wconf 88' lang='lat' dir='ltr'><strong>fleri</strong></span> <span class='ocrx_word' id='word_1_145' title='bbox 209 2691 268 2736; x_wconf 92' lang='lat' dir='ltr'><strong>non</strong></span> <span class='ocrx_word' id='word_1_146' title='bbox 292 2673 402 2750; x_wconf 90' lang='lat' dir='ltr'><strong>potuit,</strong></span> <span class='ocrx_word' id='word_1_147' title='bbox 438 2679 471 2732; x_wconf 92' lang='lat' dir='ltr'><strong>ut</strong></span> <span class='ocrx_word' id='word_1_148' title='bbox 492 2670 612 2747; x_wconf 74' lang='lat' dir='ltr'><strong>singule</strong></span> <span class='ocrx_word' id='word_1_149' title='bbox 634 2670 668 2730; x_wconf 88' lang='lat' dir='ltr'><strong>D.</strong></span> <span class='ocrx_word' id='word_1_150' title='bbox 690 2668 812 2731; x_wconf 87' lang='lat' dir='ltr'><strong>Lutberi</strong></span> <span class='ocrx_word' id='word_1_151' title='bbox 836 2669 920 2730; x_wconf 78' lang='lat' dir='ltr'><strong>verba</strong></span> 
     </span>
     <span class='ocr_line' id='line_1_25' title="bbox 113 2771 920 2860; baseline -0.012 -17"><span class='ocrx_word' id='word_1_152' title='bbox 113 2771 215 2860; x_wconf 80' lang='lat' dir='ltr'><strong>peret,</strong></span> <span class='ocrx_word' id='word_1_153' title='bbox 246 2788 276 2841; x_wconf 91' lang='lat' dir='ltr'><strong>et</strong></span> <span class='ocrx_word' id='word_1_154' title='bbox 310 2786 364 2848; x_wconf 75' lang='lat' dir='ltr'><strong>ee:</strong></span> <span class='ocrx_word' id='word_1_155' title='bbox 396 2793 477 2854; x_wconf 88' lang='lat' dir='ltr'><strong>quae</strong></span> <span class='ocrx_word' id='word_1_156' title='bbox 510 2777 539 2836; x_wconf 93' lang='lat' dir='ltr'><strong>in</strong></span> <span class='ocrx_word' id='word_1_157' title='bbox 569 2774 698 2836; x_wconf 84' lang='lat' dir='ltr'><strong>dicendo</strong></span> <span class='ocrx_word' id='word_1_158' title='bbox 733 2773 807 2834; x_wconf 89' lang='lat' dir='ltr'><strong>nibil</strong></span> <span class='ocrx_word' id='word_1_159' title='bbox 835 2775 920 2834; x_wconf 88' lang='lat' dir='ltr'><strong>deior</strong></span> 
     </span>
     <span class='ocr_line' id='line_1_26' title="bbox 114 2879 902 2958; baseline -0.009 -14"><span class='ocrx_word' id='word_1_160' title='bbox 114 2883 243 2954; x_wconf 86' lang='lat' dir='ltr'><strong>habent,</strong></span> <span class='ocrx_word' id='word_1_161' title='bbox 277 2882 376 2942; x_wconf 90' lang='lat' dir='ltr'><strong>minus</strong></span> <span class='ocrx_word' id='word_1_162' title='bbox 405 2882 520 2958; x_wconf 79' lang='lat' dir='ltr'><strong>gratiae</strong></span> <span class='ocrx_word' id='word_1_163' title='bbox 550 2880 692 2942; x_wconf 86' lang='lat' dir='ltr'><strong>habitura</strong></span> <span class='ocrx_word' id='word_1_164' title='bbox 721 2887 841 2950; x_wconf 84' lang='lat' dir='ltr'><strong>essent,</strong></span> <span class='ocrx_word' id='word_1_165' title='bbox 877 2879 902 2939; x_wconf 92' lang='lat' dir='ltr'><strong>si</strong></span> 
     </span>
     <span class='ocr_line' id='line_1_27' title="bbox 116 2984 920 3063; baseline -0.007 -14"><span class='ocrx_word' id='word_1_166' title='bbox 116 2986 207 3049; x_wconf 92' lang='lat' dir='ltr'><strong>modo</strong></span> <span class='ocrx_word' id='word_1_167' title='bbox 221 2987 392 3063; x_wconf 86' lang='lat' dir='ltr'><strong>cademque</strong></span> <span class='ocrx_word' id='word_1_168' title='bbox 407 2987 568 3047; x_wconf 86' lang='lat' dir='ltr'><strong>verborum</strong></span> <span class='ocrx_word' id='word_1_169' title='bbox 581 2992 732 3047; x_wconf 88' lang='lat' dir='ltr'><strong>structura</strong></span> <span class='ocrx_word' id='word_1_170' title='bbox 748 2984 920 3061; x_wconf 89' lang='lat' dir='ltr'><strong>ordinisque</strong></span> 
     </span>
     <span class='ocr_line' id='line_1_28' title="bbox 31 3088 920 3172; baseline -0.011 -12"><span class='ocrx_word' id='word_1_171' title='bbox 31 3154 34 3160; x_wconf 90' lang='lat'><em>.</em></span> <span class='ocrx_word' id='word_1_172' title='bbox 116 3110 196 3172; x_wconf 90' lang='lat' dir='ltr'><strong>quae</strong></span> <span class='ocrx_word' id='word_1_173' title='bbox 221 3093 402 3163; x_wconf 83' lang='lat' dir='ltr'><strong>dictasunt,</strong></span> <span class='ocrx_word' id='word_1_174' title='bbox 425 3091 636 3153; x_wconf 88' lang='lat' dir='ltr'><strong>scriberentur.</strong></span> <span class='ocrx_word' id='word_1_175' title='bbox 678 3088 814 3168; x_wconf 90' lang='lat' dir='ltr'><strong>Ideoque</strong></span> <span class='ocrx_word' id='word_1_176' title='bbox 836 3107 920 3161; x_wconf 84' lang='lat' dir='ltr'><strong>non·</strong></span> 
     </span>
     <span class='ocr_line' id='line_1_29' title="bbox 115 3195 920 3266; baseline -0.01 -5"><span class='ocrx_word' id='word_1_177' title='bbox 115 3198 338 3260; x_wconf 88' lang='lat' dir='ltr'><strong>describendae</strong></span> <span class='ocrx_word' id='word_1_178' title='bbox 356 3200 475 3260; x_wconf 87' lang='lat' dir='ltr'><strong>luerunt</strong></span> <span class='ocrx_word' id='word_1_179' title='bbox 497 3196 556 3258; x_wconf 86' lang='lat' dir='ltr'><strong>hae</strong></span> <span class='ocrx_word' id='word_1_180' title='bbox 578 3197 794 3266; x_wconf 77' lang='lat' dir='ltr'><strong>enarrationes,</strong></span> <span class='ocrx_word' id='word_1_181' title='bbox 817 3195 872 3257; x_wconf 89' lang='lat' dir='ltr'><strong>sed</strong></span> <span class='ocrx_word' id='word_1_182' title='bbox 895 3203 920 3254; x_wconf 90' lang='lat' dir='ltr'><strong>et</strong></span> 
     </span>
     <span class='ocr_line' id='line_1_30' title="bbox 115 3301 906 3381; baseline -0.01 -15"><span class='ocrx_word' id='word_1_183' title='bbox 115 3307 188 3367; x_wconf 92' lang='lat' dir='ltr'><strong>dum</strong></span> <span class='ocrx_word' id='word_1_184' title='bbox 210 3321 261 3373; x_wconf 89' lang='lat' dir='ltr'><strong>ea,</strong></span> <span class='ocrx_word' id='word_1_185' title='bbox 283 3321 363 3381; x_wconf 88' lang='lat' dir='ltr'><strong>quae</strong></span> <span class='ocrx_word' id='word_1_186' title='bbox 385 3304 512 3379; x_wconf 83' lang='lat' dir='ltr'><strong>assequi</strong></span> <span class='ocrx_word' id='word_1_187' title='bbox 534 3318 643 3363; x_wconf 88' lang='lat' dir='ltr'><strong>manns</strong></span> <span class='ocrx_word' id='word_1_188' title='bbox 665 3301 826 3362; x_wconf 84' lang='lat' dir='ltr'><strong>scribentis</strong></span> <span class='ocrx_word' id='word_1_189' title='bbox 848 3316 906 3361; x_wconf 91' lang='lat' dir='ltr'><strong>non</strong></span> 
     </span>
     <span class='ocr_line' id='line_1_31' title="bbox 115 3396 920 3496; baseline -0.014 -22"><span class='ocrx_word' id='word_1_190' title='bbox 115 3410 276 3473; x_wconf 86' lang='lat' dir='ltr'><strong>sarcienda</strong></span> <span class='ocrx_word' id='word_1_191' title='bbox 311 3408 542 3495; x_wconf 83' lang='lat' dir='ltr'><strong>sententiaeque</strong></span> <span class='ocrx_word' id='word_1_192' title='bbox 569 3396 774 3496; x_wconf 79' lang='lat' dir='ltr'><strong>coaptandae,</strong></span> <span class='ocrx_word' id='word_1_193' title='bbox 810 3420 920 3465; x_wconf 88' lang='lat' dir='ltr'><strong>connec</strong></span> 
     </span>
     <span class='ocr_line' id='line_1_32' title="bbox 116 3514 411 3596; baseline 0 -18"><span class='ocrx_word' id='word_1_194' title='bbox 116 3525 210 3596; x_wconf 85' lang='lat' dir='ltr'><strong>atque</strong></span> <span class='ocrx_word' id='word_1_195' title='bbox 231 3514 411 3594; x_wconf 85' lang='lat' dir='ltr'><strong>explendae.</strong></span> 
     </span>
    </p>

    <p class='ocr_par' dir='ltr' id='par_1_4' title="bbox 77 3614 920 3806">
     <span class='ocr_line' id='line_1_33' title="bbox 77 3614 920 3697; baseline -0.009 -14"><span class='ocrx_word' id='word_1_196' title='bbox 77 3685 83 3697; x_wconf 67' lang='grc'><strong><em>,</em></strong></span> <span class='ocrx_word' id='word_1_197' title='bbox 199 3620 260 3682; x_wconf 89' lang='lat' dir='ltr'><strong>Sed</strong></span> <span class='ocrx_word' id='word_1_198' title='bbox 274 3621 351 3693; x_wconf 88' lang='lat' dir='ltr'><strong>aliis,</strong></span> <span class='ocrx_word' id='word_1_199' title='bbox 372 3626 406 3680; x_wconf 91' lang='lat' dir='ltr'><strong>ut</strong></span> <span class='ocrx_word' id='word_1_200' title='bbox 424 3619 495 3690; x_wconf 84' lang='lat' dir='ltr'><strong>dixi,</strong></span> <span class='ocrx_word' id='word_1_201' title='bbox 516 3617 673 3679; x_wconf 90' lang='lat' dir='ltr'><strong>laboribus</strong></span> <span class='ocrx_word' id='word_1_202' title='bbox 691 3615 847 3676; x_wconf 85' lang='lat' dir='ltr'><strong>districtus</strong></span> <span class='ocrx_word' id='word_1_203' title='bbox 869 3614 920 3691; x_wconf 82' lang='lat' dir='ltr'><strong>ips</strong></span> 
     </span>
     <span class='ocr_line' id='line_1_34' title="bbox 116 3721 920 3806; baseline -0.011 -17"><span class='ocrx_word' id='word_1_204' title='bbox 116 3740 241 3806; x_wconf 88' lang='lat' dir='ltr'><strong>operam</strong></span> <span class='ocrx_word' id='word_1_205' title='bbox 282 3725 435 3788; x_wconf 87' lang='lat' dir='ltr'><strong>ecclesiae</strong></span> <span class='ocrx_word' id='word_1_206' title='bbox 462 3724 540 3786; x_wconf 87' lang='lat' dir='ltr'><strong>dare</strong></span> <span class='ocrx_word' id='word_1_207' title='bbox 575 3739 633 3784; x_wconf 91' lang='lat' dir='ltr'><strong>non</strong></span> <span class='ocrx_word' id='word_1_208' title='bbox 667 3722 776 3799; x_wconf 87' lang='lat' dir='ltr'><strong>potuit,</strong></span> <span class='ocrx_word' id='word_1_209' title='bbox 814 3728 845 3782; x_wconf 89' lang='lat' dir='ltr'><strong>et</strong></span> <span class='ocrx_word' id='word_1_210' title='bbox 879 3721 920 3781; x_wconf 89' lang='lat' dir='ltr'><strong>cia</strong></span> 
     </span>
    </p>
   </div>
   <div class='ocr_carea' id='block_1_3' title="bbox 0 0 1140 4170">
    <p class='ocr_par' dir='ltr' id='par_1_5' title="bbox 0 0 1140 4170">
     <span class='ocr_line' id='line_1_35' title="bbox 0 0 1140 4170; baseline 0 0"><span class='ocrx_word' id='word_1_211' title='bbox 0 0 1140 4170; x_wconf 95' lang='lat' dir='ltr'><strong> </strong></span> 
     </span>
    </p>
   </div>
  </div>
 </body>
</html>
