2258 4170
130 138 195 207 5OE
450 128 605 206 Enarratio'
617 143 734 205 uberior

130 340 198 387 rum
218 323 360 387 abnuunt
394 321 638 387 iurisconsultus
657 318 723 388 aut·
734 323 907 402 theologus,
925 331 1022 405 quamn

131 428 346 492 animadvertit
358 430 558 493 eruditionem
580 447 680 503 suam,
703 431 828 495 videtur
841 431 904 493 'sibi
923 437 1024 509 ungetur

131 537 309 613 angelornm
329 534 394 597 liei.
437 535 601 599 creaturae
622 538 751 615 quidem
773 544 847 599 smrt
862 537 969 610 bonae,
984 543 1025 603 sed

129 641 288 719 subjectae
301 642 436 706 vanitati.
469 642 611 704 Meretrix
631 643 792 721 egregium
816 641 911 703 babet
927 658 1028 721 eorpus,

129 748 186 810 sed
207 756 256 811 est
277 750 307 810 in
330 749 509 826 turpissimo
530 756 673 827 quaestu,
716 748 770 811 Sie
791 746 907 827 impius
926 754 1030 812 voeatd

131 854 229 927 dives,
249 855 306 917 sed
327 853 447 932 losepb
467 853 523 915 luit
544 854 717 932 discipulus
739 853 836 926 lesu,
857 853 938 915 siem
955 842 1031 915 Abra

130 958 219 1032 bam,
241 959 339 1023 David
361 936 565 1023 non‘luerunt
585 977 742 1039 pauperes
763 966 825 1023 ete.
845 970 864 993 ’·

213 1066 279 1128 Non
308 1066 401 1144 igitur
427 1065 479 1133 hie
507 1066 721 1144 intelligendus
744 1073 811 1138 est,
845 1072 882 1127 nt
901 1076 1037 1143 exponunt

129 1170 223 1251 Lyra,
250 1172 470 1250 Hieronymus,
497 1173 795 1249 augustidunum
819 1160 983 1250 propterea
999 1188 1038 1234 sr-

129 1280 267 1356 pulcrum
291 1277 360 1354 ejus
381 1294 441 1341 non
461 1276 646 1342 honoratum
667 1286 732 1350 est,
763 1256 975 1357 quod'prnpe
993 1280 1038 1339 eal

71 1416 78 1429 ·
128 1385 246 1446 variam
279 1386 422 1463 sepultus
453 1392 516 1457 est,
553 1384 610 1447 eed
645 1393 695 1447 est
719 1384 858 1447 honesta
887 1384 1040 1460 sepultura

129 1489 247 1568 loseph
269 1488 495 1575 Arimathensis
522 1507 583 1567 npn
611 1490 690 1552 adeo
718 1488 849 1552 timidus
878 1489 952 1561 luit,
983 1490 1041 1567 qnia

130 1597 223 1660 audet
254 1596 410 1661 christum
440 1595 621 1661 erueitixurn
650 1597 786 1674 sepetire
817 1597 849 1656 in
883 1611 978 1661 enum
1005 1611 1043 1657 se·

130 1704 284 1781 pulcrum,
318 1702 422 1764 invitis
449 1702 540 1764 etiam
568 1701 792 1781 pontificibus:
817 1701 975 1778 Quocirca
1001 1717 1043 1763 ne·

129 1824 221 1871 oesse
240 1817 289 1871 est
310 1810 441 1887 probum
463 1815 494 1870 et
514 1808 600 1886 pium
621 1808 719 1871 luisse
738 1807 824 1870 hune
846 1807 960 1895 uirum,
983 1804 1060 1883 alio¹

129 1916 182 1993 qni
198 1914 375 1992 cogitasset.
395 1914 550 1979 lesusille
568 1915 733 1977 damnatus
754 1929 772 1975 a
795 1912 932 1985 summis
954 1928 1045 1975 saeer-

101 2021 271 2093 idotibus,
306 2020 431 2094 scribis,
461 2020 637 2084 senioribus
672 2019 791 2098 populi·
808 2026 840 2081 et
868 2024 939 2081 loia
967 2018 1046 2096 plebe

129 2126 421 2204 ignominiosissime
443 2125 609 2190 erueidxus
629 2135 687 2189 est
728 2124 787 2197 Erp
809 2125 845 2201 in
864 2124 943 2188 odio
962 2124 1045 2187 totius

130 2249 313 2311 synagogae
341 2233 554 2306 sacerdotum,
585 2233 613 2295 si
635 2233 753 2294 auterre
773 2232 867 2295 velim
892 2231 940 2293 de
955 2246 1045 2304 cruce,

130 2346 161 2400 et
187 2355 304 2418 ponere
334 2356 405 2401 enm
437 2339 467 2399 in
488 2340 803 2417 menmsepulerum,
836 2345 868 2400 et
902 2335 1044 2400 bonorare

129 2445 307 2507 damnatum
329 2445 369 2506 ab
390 2445 453 2519 eie,
475 2451 508 2507 ut
529 2443 743 2527 blasphemum
764 2453 796 2506 et
817 2443 1012 2507 seditiosum.

211 2550 345 2614 Omissis
371 2568 445 2628 ergo
476 2550 526 2614 bis
547 2550 865 2628 interpretationibus,
898 2549 1041 2627 piaveris

129 2664 160 2719 et
180 2673 318 2734 expono,
344 2655 382 2718 Et
402 2657 524 2719 dabitur
543 2655 802 2734 impersonaliter,
823 2654 908 2719 sieut
929 2651 1041 2718 Luub

127 2764 361 2834 Mensurabunt,
385 2763 627 2834 mensurabitur,
654 2760 785 2833 dabunt,
806 2761 825 2820 i.
848 2777 893 2834 e.,
915 2760 1038 2831 dabitur.

128 2871 172 2932 lta
187 2871 322 2932 activum
343 2868 472 2929 verbnm
494 2864 686 2946 exponemus
709 2868 846 2945 passive,
868 2867 920 2928 vel
941 2866 1040 2943 imper·

129 2977 274 3039 sonaliter
291 2983 416 3055 propter
437 2975 596 3036 clariorem
618 2973 808 3044 sententiam,
831 2971 962 3033 Dabitur
981 2988 1041 3033 eum

128 3082 229 3159 impiis
258 3083 433 3160 sepulerum
465 3096 570 3150 surum,
604 3080 654 3139 vel
675 3076 760 3139 dabit
780 3093 851 3139 eum
874 3078 979 3154 impiis
998 3093 1041 3138 se·

127 3189 267 3264 pulcrum
288 3203 387 3259 suum,
409 3186 438 3245 in
460 3184 655 3255 accusativo,
676 3184 731 3251 sed
753 3198 813 3243 non
837 3199 964 3260 semper
984 3189 1042 3259 pol·

125 3301 174 3355 est
195 3292 281 3354 reddi
303 3309 372 3354 enm
394 3290 581 3364 accusativo,
607 3306 681 3365 ergo
702 3288 915 3350 transferenda
933 3295 982 3348 est
1002 3287 1057 3367 uel,

127 3413 182 3476 per
204 3399 461 3475 praepositionem
484 3412 567 3466 eum,
605 3396 654 3456 vel
677 3395 766 3455 eliam
789 3380 988 3471 particulam,
1015 3402 1043 3481 nt

128 3504 217 3576 sieut,
239 3503 446 3565 Etsiouteurn
463 3501 564 3574 divite,
586 3488 606 3563 i.
627 3517 667 3574 e,
687 3500 791 3578 impio,
812 3499 955 3572 idolatra,
977 3515 1042 3576 peo

127 3617 231 3672 eatore
251 3612 281 3670 in
303 3607 461 3672 mortibus.
977 3664 981 3670 .

210 3715 255 3776 Sit
265 3730 339 3792 ergo
352 3714 431 3777 haee
444 3712 594 3776 sententia
618 3710 698 3791 (non
719 3710 799 3785 eninr
818 3711 945 3774 invenio
966 3727 1043 3774 eom·
