2258 4170
403 125 506 254 ‘'Gap.
528 171 558 238 9.
580 125 690 236 Esaiae.
847 239 858 258 l
911 227 929 255 ,Δ
959 140 1022 258 429
1084 249 1087 262 1

103 334 175 419 cum
188 366 305 436 passos
327 330 615 438 iulcietroborabit
635 361 665 419 et
679 350 819 415 stabiliet
842 351 894 429 (ut
914 349 1021 444 Petrus

103 463 188 530 aitt
210 462 286 524 Petr.
307 460 374 540 5.),
406 468 439 524 ut
455 452 702 539 perseveremus
724 473 832 537 ¹usqne
863 456 892 517 in
919 449 1022 517 finem}

103 569 158 630 Sic
179 569 300 630 tertiam
320 551 502 634 vocabulum
523 557 561 628 n·
577 567 668 630 etiam
691 564 730 625 ad
746 563 877 627 cllidum
900 561 1022 624 infantis

104 677 227 752 proprie
249 676 386 752 pertinet,
406 668 595 753 quamquam
607 663 840 751 personaetiam
852 667 1020 747 peremnia

103 779 295 857 significetur
315 768 388 843 esse
411 796 503 843 uerus
522 779 618 849 Deus.

473 933 644 1019 *Gibboa

188 1062 332 1150 Quartum
357 1079 468 1125 nomen
495 1069 543 1125 est
564 1063 688 1126 Gibbor
723 1058 908 1131 distantem
929 1051 1023 1158 'm

107 1178 231 1252 proprie
252 1175 467 1294 fortitudqilia
488 1176 597 1238 bellica
619 1183 671 1238 aut
691 1173 844 1255 bellatrix,
867 1189 926 1234 non
948 1172 1021 1253 sub*

105 1281 260 1355 stantiae,
270 1281 324 1343 scd
339 1281 457 1354 acnvs,
480 1298 562 1360 quae
583 1280 664 1342 vires
687 1295 762 1342 suas
783 1279 910 1352 exserit,
939 1288 1021 1358 quae
1045 1292 1047 1297 ’
1114 1340 1118 1349 ,

104 1387 224 1448 invadit
242 1357 363 1458 hostes,
392 1369 424 1448 et
444 1386 545 1449 omnia
574 1383 770 1448 adversantia
798 1391 828 1445 et
847 1385 1022 1447 resistentia

106 1493 208 1564 diruit,
230 1499 342 1567 vastat,
363 1491 471 1570 perdit
495 1493 544 1555 cui
565 1490 669 1553 resisti
691 1506 752 1552 non
774 1497 876 1567 potest
890 1497 952 1569 etc.

101 1680 103 1686 Ι
187 1597 242 1660 Est
262 1599 353 1674 igitur
373 1596 493 1663 tlibbor.
508 1605 618 1676 potens
641 1598 752 1676 aliquis
774 1596 909 1669 bellator,
930 1611 1019 1674 egre·

103 1704 175 1780 gius
197 1704 274 1776 dux,
296 1705 427 1767 invictus
448 1703 559 1779 heros,
590 1703 738 1767 Hercules
760 1709 790 1764 et
810 1700 944 1764 Achilles
965 1703 1020 1764 ali·
1091 1699 1097 1715 ¹

103 1810 184 1885 quis,
206 1826 267 1872 non
287 1810 483 1899 'substantiva
514 1812 617 1888 aliqua
643 1808 815 1913 fortitudine
842 1815 873 1869 et
902 1807 1038 1881 virtute,

102 1932 186 1996 quae
206 1918 237 1978 in
259 1932 296 1978 eo
318 1890 448 1980 manent
472 1916 527 1978 sed
551 1933 633 1995 quae
647 1898 821 1994 prorumpit,
843 1921 873 1975 et
890 1911 1019 1993 impres·
1102 1913 1106 1920 “

102 2024 223 2087 sionem
246 2023 326 2096 lacit,
348 2022 447 2138 fugatf,
470 1993 571 2082 caedit
599 2038 635 2083 ac
659 2020 836 2121 prosternit,
859 2037 939 2082 nunc
959 2019 1019 2093 hic,
1078 2031 1097 2095 j

102 2145 185 2191 nnnc
206 2129 264 2202 lbi,
300 2142 410 2204 magno
432 2142 559 2191 numero
581 2127 723 2190 hostilem
745 2125 927 2201 exercitum,
965 2126 1028 2204 qui'
1042 2121 1094 2171 s*

101 2239 346 2314 circumquaque
367 2234 469 2295 omnia
490 2240 592 2307 vastat
614 2241 672 2296 etc.

126 2342 240 2406 Sic
270 2341 377 2403 dicitur
411 2342 450 2402 de
470 2340 608 2412 Nimrod,
641 2339 725 2417 quod
743 2338 843 2403 tuerit
871 2293 1018 2400 robustus

103 2458 250 2521 venator,
271 2446 333 2509 hoc
353 2454 416 2519 cst,
438 2453 600 2525 tyrannus,
623 2445 675 2524 qui
697 2443 949 2527 circumquaque
965 2462 1019 2506 va·
1037 2506 1043 2514 „

99 2558 191 2620 starit
211 2560 242 2616 et
262 2552 418 2630 subegerit
430 2551 488 2615 sibi
501 2552 612 2617 omnia.
640 2551 692 2613 Sic
713 2545 850 2649 nfil'ttl·
871 2557 1037 2639 voeantur¹

101 2671 199 2734 fortes
223 2667 276 2729 viri
298 2665 434 2737 Doridis,
457 2665 610 2744 principes
631 2671 662 2727 et
682 2666 778 2728 duces
799 2663 961 2728 exercitus.
1035 2705 1037 2709 -
1111 2751 1113 2755 Ι

184 2775 336 2846 Breviter,
371 2763 499 2844 Gibbor,
537 2771 601 2850 qui¹
617 2772 718 2834 animo
747 2771 823 2834 virili
851 2779 882 2834 et
908 2786 1019 2847 magno

101 2882 261 2960 praeditus
284 2876 414 2957 est‚.qui
437 2878 534 2939 virum
556 2893 592 2939 se
614 2884 757 2955 praestat,
778 2879 830 2956 qui
846 2864 1017 2940 nonsoium

101 2984 162 3046 sibi
185 2989 238 3044 aut
259 2999 313 3062 pro
342 3000 377 3047 se
398 2984 545 3046 robustus
567 2989 631 3055 est,
662 2965 719 3045 sed
741 2983 854 3071 active,
883 2983 935 3073 qui
957 2983 1018 3044 vir·
1096 3044 1101 3053 ,

81 3098 249 3152 tutemet
275 3090 355 3173 vires
385 3106 460 3152 suas
488 3089 617 3161 exserit,
649 3089 701 3166 qui
721 3088 893 3167 magnifice
914 3104 962 3151 se,
978 3090 1020 3150 de
1112 3126 1128 3169 ‚¹

102 3193 246 3258 hostibus
268 3197 335 3258 suis
357 3195 481 3266 ulcisci,
501 3192 670 3259 stillarum
691 3191 857 3269 libidinem,
879 3202 1016 3268 conatus,

100 3300 246 3363 ferociam
275 3308 367 3377 atqua
396 3301 590 3379 petulantiam
604 3359 610 3369 ,
626 3315 767 3362 coercere
795 3309 825 3363 et
855 3301 1016 3374 refrenare,

98 3403 240 3480 injuriam
269 3414 361 3486 atque
394 3407 454 3468 vini
482 3406 593 3468 illatam
618 3413 672 3468 aut
699 3405 876 3470 intentatam
903 3407 1017 3470 fortiter

98 3510 264 3631 depulsare
285 3519 396 3590 potest.

132 3617 269 3683 ‘latis
289 3618 404 3680 Gibbor
425 3616 623 3681 esttlbristus
637 3616 688 3681 iric
700 3633 776 3697 puer
797 3625 827 3680 et
847 3574 1019 3682 r'sxnostcr
1054 3601 1087 3667 ''-

106 3725 157 3786 in
146 3726 303 3799 ecclesia,
323 3724 376 3790 ubi
398 3730 446 3788 e'st
470 3724 543 3804 piis
549 3703 628 3834 πύξ
629 3720 760 3840 'pli
781 3733 812 3789 et
831 3708 902 3831 5⁸)
921 3724 963 3786 ibi
985 3724 1019 3786 itt
1078 3722 1083 3733 '
