2258 4170
183 180 244 248 436
353 160 356 165 ι
498 189 642 249 Enarratio
659 181 779 251 'uberior

109 410 113 422 .
164 366 334 428 -taremias
355 364 398 430 70
419 382 515 428 annos
538 367 711 429 duraturam
734 345 803 429 eam
828 364 1030 444 captivitatem
1048 369 1102 430 di-

184 479 264 532 serte
287 473 443 555 praedixit
708 477 713 485 ’
768 487 769 490 ’

186 599 188 605 ’
267 577 323 638 Alii
347 580 502 674 exponunt
522 576 561 638 tle
584 572 691 638 beat'a
697 577 828 654 virgine,
853 575 977 637 inlanlis
998 584 1088 648 matre

100 730 105 735 .
182 689 374 759 putantque
364 681 523 744 hocloco
546 681 748 770 significatum
771 697 861 755 esse,
895 681 993 759 quod
1001 682 1087 744 iulans

105 814 109 822 ·
162 785 237 848 ‘liic
259 774 537 849 nasciturnsesset
557 781 596 848 de
617 786 713 848 matre
728 790 844 860 clausa,
867 787 908 848 de
929 786 1089 867 incorrupta

181 900 211 951 et
241 892 360 968 virgine.
385 880 516 954 illibatae
534 901 575 954 et
596 893 792 953 intemeratae
814 890 991 968 pudicitiae.
1032 890 1087 952 list-

181 1013 241 1074 que
263 995 341 1057 ltaec
365 997 415 1073 pia
435 997 578 1074 cogitatio
599 1006 629 1058 at
650 983 758 1075 piacet·
796 997 862 1078 Non
885 990 1028 1082 reprobo,
1049 1008 1096 1058 est,

183 1104 301 1181 plorum
324 1101 508 1164 ludaeorum
530 1111 560 1164 et
581 1110 752 1164 nostrorum
774 1102 977 1165 Ebraeorum
1022 1146 1025 1153 .

262 1208 321 1269 Sed
344 1207 426 1282 quid,
447 1209 474 1270 si
497 1209 588 1269 etiam
610 1207 650 1268 ibi
674 1217 758 1270 esset
774 1207 995 1303 significatum,
1016 1208 1101 1284 quod

180 1301 425 1384 chrisimotata,
462 1314 559 1375 Vobis
587 1313 690 1379 datum
720 1318 767 1374 ast
796 1328 896 1376 nosse
917 1307 1084 1390 mysterium

25 1421 28 1425 ’
96 1460 98 1465 -
180 1418 264 1494 regni
287 1419 456 1489 coelorum,
483 1426 518 1479 ut
536 1410 687 1495 significet
708 1418 786 1479 illam
810 1418 1003 1480 horribilem
1016 1420 1086 1478 clau-

178 1504 298 1615 suram‘,
334 1522 418 1600 quod
447 1523 556 1585 Judaei
582 1541 735 1602 nunquam
764 1523 980 1585 intellexerunt
1009 1524 1085 1584 istam

94 1698 97 1702 ,
177 1629 348 1690 mirabilem
368 1626 462 1704 hujus
476 1630 560 1706 regni
575 1629 877 1711 administrationem,
899 1628 994 1706 quasi
1010 1627 1085 1700 dicat,

69 1735 72 1750 '
177 1735 240 1796 Erit
262 1734 411 1796 mirabilis
435 1722 649 1812 multiplicatio,
670 1751 750 1812 quae
771 1735 827 1795 erit
841 1736 954 1796 clausa
965 1733 1085 1804 iudaeis,

121 1831 126 1840 ’
173 1850 272 1919 ,quam
294 1856 354 1901 non
377 1839 557 1916 intelligent,
589 1839 662 1918 quia
682 1856 816 1933 prorsus
847 1846 897 1902 est
919 1839 1084 1916 spiritualia.
1119 1908 1121 1925 Ι

126 1926 144 2040 κ’
177 1945 319 2023 Cogitant
341 1945 420 2005 enim
443 1952 473 2006 et
495 1947 647 2008 somniant
671 1946 840 2024 temporale
869 1932 1001 2021 aliquod
1027 1961 1083 2022 reg-

133 2074 140 2083 *
176 2069 257 2124 num,
278 2050 371 2129 idque
393 2052 652 2133 multiplicandum
675 2069 747 2115 esse
755 2043 989 2130 temporaliter.
1024 2051 1083 2113 ideo

153 2160 281 2243 ·elausa
309 2163 357 2217 est
385 2157 442 2225 ista
473 2159 684 2239 ,multiplicatio
705 2165 735 2219 et
754 2156 978 2236 regni-christi
993 2158 1082 2218 ratio.

176 2264 260 2325 Haec
288 2260 440 2331 horribilis
463 2264 602 2325 clausura
625 2271 656 2326 et
677 2264 809 2325 caecitas
829 2260 1018 2354 iudaeorrim
1038 2280 1083 2346 per

175 2372 312 2457 clausam
340 2366 369 2427 in
398 2367 548 2447 principio
574 2365 690 2436 literam
712 2369 791 2431 illem
820 2368 996 2446 significata
1022 2384 1082 2432 esse

174 2474 248 2536 mihi
270 2462 403 2534 videtur.
983 2545 986 2552 ,

258 2579 324 2664 Hoc
346 2579 626 2655 regnumluturum
649 2588 696 2643 est
718 2582 900 2651 inmundo,
934 2587 965 2642 et
993 2588 1080 2642 tamen

103 2702 137 2735 -·
174 2694 222 2748 est
256 2684 414 2763 spirituale
455 2691 485 2745 et
517 2686 690 2762 mysticum.
740 2687 805 2749 Non
843 2687 1080 2771 multiplicabitur

175 2789 353 2862 camalam,
387 2790 441 2850 sed
466 2807 532 2868 per
553 2793 699 2870 *uerbum¹
732 2810 786 2870 per
804 2790 1006 2878 baptismum
1034 2799 1098 2854 ιιι.1

174 2896 219 2958 Et‘
232 2897 366 2974 populus
389 2894 481 2972 hujus
503 2899 585 2973 regis
603 2899 858 2976 multiplicabitur
865 2906 912 2967 ,et
935 2879 1080 2974 colligetur

175 3004 204 3065 in
227 3011 354 3077 regnum
379 3001 467 3074 vitae,
486 3001 621 3083 justitiae
643 3012 672 3065 et
693 3005 840 3066 libertatis
857 3013 1012 3075 aeternae,
1033 3020 1080 3064 nou

174 3109 203 3168 in
238 3123 364 3184 regnum
397 3108 518 3178 mortis,
550 3111 667 3186 peceati
689 3119 719 3172 et
740 3102 824 3185 legis.
866 3109 914 3171 De
942 3111 1005 3172 hoc
1027 3127 1081 3187 my-

175 3212 268 3274 sterio
299 3222 480 3288 synagogae
508 3213 688 3278 abscondito
711 3224 740 3277 et
761 3216 915 3277 ecclesiae
947 3217 1081 3297 revelato,

166 3316 255 3393 Juxta
286 3315 373 3387 illud,
405 3316 502 3378 Vobis
531 3319 634 3381 datum
671 3329 718 3382 est
749 3327 953 3394 mosaeam,
995 3321 1082 3398 placet

170 3423 254 3483 Mem
275 3422 412 3482 clausum
435 3425 562 3497 exponi:
593 3426 658 3487 Filii
681 3426 778 3500 alieni,
799 3427 883 3488 caeci
908 3426 950 3487 illi
964 3424 1083 3498 recutiti,
1110 3456 1121 3467 ··

169 3533 241 3592 sunt
271 3522 378 3586 lurtost
411 3523 440 3584 in
475 3520 535 3593 suo
562 3545 678 3612 sensu„
707 3531 860 3611 Expetunt
889 3530 1040 3624 chochab
1059 3536 1084 3592 et

162 3648 297 3713 reguum
335 3633 511 3706 corporale,
557 3645 588 3698 et
621 3640 681 3700 tale
717 3650 843 3715 regnum
874 3639 1084 3716 imaginantur.
1115 3676 1118 3683 ·

119 3798 126 3809 ,
170 3741 235 3804 flac
255 3733 473 3819 imaginatione
495 3747 526 3803 et
546 3745 666 3815 somnio
688 3744 726 3829 de
747 3760 842 3824 regno
861 3745 983 3808 carnali
997 3742 1084 3841 impe
