2258 4170
93 143 158 212 200
298 153 388 229 caput
408 102 679 230 quinquagesimum
702 147 812 213 nouum
880 214 884 224 ,
966 175 968 182 ’

27 397 37 415 ‚
96 315 291 410 praesentem
308 330 511 418 calamitatem
526 349 586 394 non
600 333 666 396 suis
674 298 823 410 peccatis,
845 333 903 395 aad
918 332 1016 395 verbo

28 441 30 445 ’
97 437 152 499 Dei
181 411 382 514 imputabant
434 437 520 500 Sicut
550 455 647 510 nunc,
684 445 848 517 postquam
885 439 1015 501 verbum

96 541 150 609 Ilei
181 542 284 613 doceri
317 544 434 620 coepit,
470 544 596 605 omnia
606 544 769 607 discordiis
796 560 834 606 ac
862 545 1017 635 caedibus

28 713 33 717 ,
97 655 246 719 aestuant.
298 647 402 726 impii
424 648 528 736 igitur,
572 651 624 727 qui
668 649 762 712 verbo
801 650 1015 722 adversantur,

97 754 289 831 evangelium
310 755 340 814 in
363 769 459 817 causa
481 751 751 839 esse-'dicunt¹)],
773 761 803 816 et
824 754 1013 818 hoctanturn

5 893 32 935 g
98 861 218 932 vident,
250 867 326 938 quot
355 861 578 927 calamitatibus
606 861 737 946 mundus
760 859 928 938 prematur,
958 875 1015 922 sua

98 967 178 1028 anim
202 973 330 1044 peccata
350 982 411 1033 non
434 965 600 1039 videncet
620 965 701 1028 illam
723 975 891 1034 extremam
913 967 1010 1041 ingra-

99 1071 270 1142 titudinem,
306 1068 391 1147 quod
423 1062 550 1133 verbum
573 1072 627 1134 Dei
655 1063 910 1150 persequuntur,
934 1056 1042 1149 quae*

9 1234 14 1240 .
45 1163 67 1243 s
99 1159 171 1240 vere
193 1184 264 1239 sunt
286 1191 382 1238 causa
405 1177 590 1255 properandi
610 1164 722 1254 flagelli
743 1194 800 1240 seu
824 1176 1013 1238 calamitatis.

103 1285 203 1360 [Deus
237 1264 341 1344 autem
375 1282 421 1345 sic
452 1283 547 1377 solet,
585 1283 707 1378 quoties
740 1262 852 1344 malurn
889 1281 1011 1359 aliquod

99 1390 240 1483 imminet,
262 1389 425 1465 praemittit
440 1404 496 1455 ceu
517 1386 659 1449 nuncium
682 1373 864 1449 calamitatis
888 1386 1012 1448 verbum
1044 1454 1046 1459 ,

92 1512 189 1592 ,ιιιιιιιι
203 1496 251 1572 ),
283 1499 316 1555 ut
345 1494 429 1571 impii
463 1494 502 1556 ad
528 1492 744 1569 poenitentiam
773 1493 953 1563 invitentur,
985 1499 1014 1552 et

99 1600 154 1677 pii
162 1600 358 1677 patientiam
354 1599 500 1670 discant,
538 1606 571 1659 ιιι
599 1600 629 1659 iu
661 1598 769 1660 futuris
799 1577 889 1659 malis
920 1597 1013 1659 verbo

100 1703 267 1767 confirmati
290 1706 468 1776 consistant,
490 1711 520 1765 et
541 1719 601 1765 non
625 1703 705 1775 sicut
725 1704 809 1782 impii
832 1704 922 1765 malis
944 1704 1014 1764 victi

101 1809 310 1872 succumbant.
341 1809 393 1870 Sic
415 1814 489 1870 autc·
506 1807 654 1881 diluvium
674 1807 749 1883 Noe,
766 1817 840 1881 ,ante
863 1806 1014 1872 excidium

89 1917 291 1978 -liierusalem
314 1913 453 1976 christus
487 1920 518 1974 et
546 1914 679 1992 aposloli
706 1915 841 1989 luerunt,
877 1921 908 1975 et
937 1930 1016 1976 nunc

100 2029 206 2085 nostro
230 2022 336 2084 seculo
359 2026 430 2080 ante
449 2019 577 2081 Turcao
597 2012 761 2082 aduentum
800 2027 830 2082 et
851 1997 1015 2083 terribilem

24 2137 51 2211 g
98 2104 206 2207 iudicii
227 2128 306 2190 diem
331 2126 512 2187 Germaniae
531 2142 642 2210 purum
664 2126 866 2203 evangelium
879 2110 1016 2202 contigit

29 2240 36 2261 ‘
101 2233 195 2297 Porro
217 2234 293 2319 ordo
317 2233 408 2295 huius
431 2233 541 2311 capitis
562 2231 614 2307 hic
635 2239 692 2296 es't

182 2337 260 2400 llicit
271 2354 400 2401 causam
413 2339 616 2417 praesentium
636 2337 839 2406 calamitatum
862 2353 936 2399 esse
957 2354 1019 2399 nou

75 2433 82 2444 ’
101 2434 188 2509 suam
204 2437 380 2518 doctrinam,
402 2445 458 2506 sed
476 2429 738 2522 pecc'ata‘populi
755 2449 789 2504 ct
801 2442 885 2513 addit
907 2458 1019 2520 pecca·
1046 2500 1057 2514 ,

24 2537 27 2546 ’
103 2539 202 2613 torum
215 2551 396 2627 catalogum,
416 2565 587 2628 eorumque
608 2563 734 2624 poenas,
747 2547 879 2612 ,tandem
903 2564 1018 2610 conso-

91 2648 180 2719 latur
200 2656 310 2729 bonoS,
330 2665 361 2718 et
383 2655 466 2717 addit
489 2653 733 2733 promissionem,
755 2655 887 2716 futurum
901 2663 935 2716 ut
948 2655 1020 2715 illae

64 2819 67 2825 .
103 2761 291 2824 calamitates
299 2759 448 2832 liniantur,
507 2777 524 2820 ιι
538 2767 663 2837 propter
674 2748 798 2837 aliquod
811 2745 916 2839 populi
930 2763 1020 2823 meri-

102 2874 182 2939 tum,
215 2866 271 2928 sed
299 2865 383 2943 quod
405 2867 449 2928 De
516 2867 652 2942 ipsorum
681 2865 724 2941 sit
743 2867 902 2940 misertus,
929 2869 1020 2930 sicut

101 2973 132 3034 in
165 2973 288 3034 Psalmo
303 2967 375 3049 **)
423 2971 550 3047 Propter
592 2986 704 3032 nomen
744 2979 844 3062 tuum,
870 2965 1020 3045 Domine,

83 3076 252 3155 'propitius
274 3083 342 3137 esto
363 3081 490 3151 peccato
512 3091 590 3138 meo.

42 3275 50 3301 ὶ
103 3255 311 3292 m(

176 3366 204 3433 ι)
222 3367 290 3419 date
308 3362 468 3418 calamitates
480 3353 551 3417 Deua
569 3377 617 3432 per
635 3362 745 3417 verbum
765 3364 862 3418 invitat
876 3367 911 3419 ad
928 3345 1020 3436 poeni·

53 3479 54 3482 ¹
104 3460 220 3515 lentiam.
258 3457 397 3526 ⁰⁶.)Paal
409 3456 458 3512 'lta
571 3474 574 3479 '

15 3622 17 3629 λ
69 3573 78 3594 ι
119 3551 208 3622 i)
224 3552 294 3608 Elia
314 3551 382 3607 1⁵32
400 3554 439 3608 sic
448 3551 559 3622 pergit:
577 3565 625 3604 aaa
638 3551 708 3604 euim
726 3510 833 3620 paccata
851 3551 1018 3606 nonaidcut

78 3628 82 3632 ’
104 3643 170 3696 lice
179 3649 277 3695 tautum
297 3641 404 3710 vident,
433 3650 497 3711 quot
522 3643 716 3698 calamitatibus
741 3630 853 3699 muudus
872 3653 1014 3713 promatur.

98 3736 175 3792 Dour
193 3741 283 3792 autom
302 3744 366 3798 cto..
