2258 4170
378 179 397 234 ’4
505 186 678 262 Εεαὶειο.Χ
751 179 755 186 ’
868 164 870 171 ¹
973 175 1017 248 8⁹

99 369 255 449 cognitum
271 341 468 446 ‚evan'g'elium
492 368 725 438 arbitrabamur,
756 365 839 438 nulla
867 361 939 430 esse
960 381 1016 443 pa·

103 490 188 546 seua,
209 475 270 536 nisi
281 474 358 535 intra
371 476 494 553 tegulas
505 483 604 536 certas
617 477 697 535 vitae
714 480 744 535 et
759 467 893 550 operum.
923 473 1015 533 liran-

107 580 249 641 ciscauus
270 597 306 641 se
327 587 412 641 extra
435 576 577 656 an'gnlum
599 597 689 642 suum
725 588 756 641 et
772 569 927 641 'cucullitm
941 622 943 628 .
956 580 1016 639 non

110 668 249 748 crelehal
269 686 508 763 saluariposse
531 686 578 747 sie
598 687 655 748 alii.
699 685 784 748 Nunc
805 692 907 747 autern
929 700 1019 745 reve,

110 794 164 854 latt
188 788 346 867 cvangelio
368 788 499 853 cessant*
514 797 626 863 sectae,
648 800 678 854 et
698 793 849 854 invenitur
875 790 1017 880 remissio

112 891 313 976 peccatoram,
336 904 366 958 et
387 898 449 958 vita
472 905 593 959 aeterna
615 898 644 959 in
667 899 808 961 omnibus
828 898 920 967 locis,
949 911 1018 972 per·

115 1005 201 1074 renis,
222 1003 385 1075 aetatibus,
406 1011 436 1064 et
457 1004 537 1065 uitae
551 1005 722 1080 generibus.
749 1004 804 1066 Est
824 1003 903 1064 euim
926 1018 1020 1063 evan·

117 1105 260 1188 rehum)
285 1109 537 1184 liberudoctrina,
559 1112 629 1172 nulli
641 1110 746 1181 ordini,
767 1111 845 1180 locu
859 1094 1020 1187 personae,

57 1196 70 1287 ‚⁸
116 1216 175 1276 nulli
197 1223 281 1277 certo
295 1212 659 1298 vitaegeaeriatligatal.
689 1203 807 1276 Habent
829 1210 1019 1286 evangelium
1106 1199 1109 1208 '

115 1329 188 1395 ¹urta
210 1320 412 1383 dominusne
434 1338 558 1395 servus,
583 1316 644 1384 'rex
665 1331 703 1384 et
715 1321 869 1383 subditus.
905 1316 1020 1378 'Omnes
1117 1306 1121 1312 '

115 1429 183 1488 enim
207 1427 320 1505 pariter
342 1443 487 1489 vocamur
514 1430 553 1490 ad
575 1430 710 1506 gratiam.
755 1429 915 1488 Diversum
936 1421 969 1480 fit
990 1420 1019 1481 in

57 1586 59 1595 .
107 1531 215 1609 politia
236 1539 270 1592 et
297 1534 492 1607 oeconomia,
523 1550 624 1613 neque
655 1534 871 1613 enimjeadem
902 1532 1037 1608 ratione,

106 1636 377 1712 singulaedomus
398 1638 471 1715 regi>
484 1647 622 1717 possunt
666 1641 718 1702 Sic
739 1655 944 1719 unaquaeque
965 1652 1020 1716 po·
1075 1704 1078 1714 ,

105 1740 165 1802 litiu
186 1741 283 1804 habet
303 1758 386 1805 suas·
401 1743 571 1820 peculiares
596 1745 679 1821 leges
702 1754 758 1807 etc.
816 1798 818 1808 ,

253 1877 350 1954 [Non
372 1878 551 1941 esurient
572 1894 701 1958 neque
723 1876 876 1945 sitie'n't

121 2078 125 2082 p
154 2025 158 2037 ·
185 2004 385 2088 Euangelium
419 2007 577 2071 inundabit
603 2000 751 2086 justitiam
786 1988 1020 2078 sicut'lluvius.

102 2110 213 2199 Potare
243 2120 276 2201 et
305 2096 449 2191 pascere
473 2121 549 2201 sunt
571 2115 634 2176 lere
665 2104 820 2178 exhortari
847 2124 877 2176 et
899 2113 1020 2174 docere.

103 2216 197 2277 Polus
219 2224 268 2278 est
289 2199 478 2303 exhortatio,
497 2194 590 2297 'quae
611 2228 659 2282 est
680 2208 856 2282 necessaria
877 2226 907 2282 et
929 2217 1019 2297 quasi
1077 2266 1080 2271 .

106 2320 241 2383 vivificat
262 2322 372 2393 cibum,
394 2324 424 2383 id
447 2332 502 2397 est
524 2327 701 2388 doctrinam.
729 2322 788 2388 Ubi
805 2344 877 2405 ergo
893 2325 1018 2386 verbum

106 2435 168 2498 eat,
190 2427 233 2487 ibi
248 2422 384 2501 ¹necesse
405 2437 453 2491 est
482 2428 545 2493 hos.
568 2434 683 2516 tructus
716 2433 814 2511 sequi.
858 2430 1020 2492 Fastidiosi
1104 2487 1113 2505 p

107 2541 216 2605 aulem,
239 2532 294 2611 qui
313 2535 478 2616 amiserunt
500 2537 634 2608 verbum,
661 2537 700 2598 illi
723 2539 877 2600 diversum
899 2525 1020 2606 iaciunt,

107 2639 190 2699 sicut·
208 2639 348 2701 videmus
370 2640 398 2700 in
422 2642 534 2702 nostris
557 2642 733 2716 haereticis,
764 2644 1019 2721 illisupprimunt

108 2754 226 2817 terram,
246 2754 276 2806 et
297 2744 448 2822 dissipant
469 2746 654 2811 hereditates
677 2758 737 2829 etc.
994 2738 997 2742 ⁵

181 2880 274 2963 ‚Non
296 2881 527 2958 percutient
548 2899 616 2946 eos
639 2891 776 2946 aestus
799 2891 835 2944 et
857 2876 924 2945 shl.

188 3007 256 3069 Non
278 2991 411 3085 intelligo
432 3009 470 3070 de
492 3013 718 3088 persecutione,
750 2984 806 3075 sed
829 3018 917 3074 aestu
947 3025 1019 3071 con-

106 3112 264 3176 scientiae.
295 3113 388 3176 Erunt
398 3115 536 3177 instructi
557 3122 588 3177 et
603 3115 760 3180 habebunt
782 3117 1021 3187 consulationem

105 3235 158 3296 per
180 3220 320 3290 verbum,
341 3227 374 3281 ut
395 3223 581 3283 conscientia
611 3238 670 3284 non
693 3225 799 3302 possit
821 3240 875 3285 eos
898 3230 1018 3302 terrere.

208 3353 304 3428 Quia
326 3357 534 3419 miserator
555 3373 688 3421 corum
706 3348 820 3434 ¹reget
841 3373 919 3420 eos.

188 3481 318 3561 suntin
339 3499 433 3561 regno
455 3474 698 3559 misericordiae,
718 3500 779 3549 non
801 3485 860 3548 sub
882 3488 1021 3564 tyranno,

155 3660 187 3725 ⁸)
206 3659 372 3713 Praedictum
400 3626 564 3717 remissionis
597 3637 777 3733 peccatorum¹
800 3660 922 3747 omuibus
952 3675 1024 3745 cern-¹

98 3754 188 3808 munis
208 3762 238 3806 et
254 3751 348 3811 hecra
