2258 4170
347 103 350 116 ⁸
430 158 496 236 cap.
519 155 547 221 9.
564 159 678 250 ⁸lissiae.
764 106 767 110 Ι
947 154 1010 225 375

92 355 177 412 rem,
209 347 243 432 ut
270 340 372 415 gladio
399 337 580 400 interficiant
608 346 795 427 gentes,xet
816 338 874 399 soti
890 344 1028 414 regnent·

95 448 123 505 in
154 446 267 507 mundo
309 445 416 507 deletis
444 444 585 507 omnibus
613 445 774 521 gentibue,
816 443 861 504 sio
890 451 1014 511 utnon

96 551 233 624 supersit
263 557 348 626 gutta
382 549 541 625 sanguinis
570 549 740 619 Christiani.
783 550 879 611 Tanta
907 555 956 609 ast
983 548 1015 609 iu
1042 636 1044 640 Α

94 655 153 719 iltis
175 655 337 721 Christiani
365 656 523 731 sanguinis
552 656 629 718 sitis.
663 656 742 719 ⁴Ideo
764 655 907 722 occidunt
928 653 1015 717 Chri·
1117 641 1124 659 ⁸

94 762 264 832 stiauorum
292 762 438 838 parvulos
460 763 509 822 vel
532 766 649 822 veneno
670 763 719 822 val
741 761 857 836 gladio,
885 768 915 822 et
936 777 1015 838 qua·
1067 791 1071 797 ’
1101 733 1105 753 ’

93 883 217 942 cunque
246 874 376 944 possunt
407 873 486 941 arte3
520 875 551 927 et
579 848 760 934 arbitrantur
786 866 837 927 hio
865 882 900 938 se
922 866 1014 927 obse·
1029 892 1050 940 χ

92 973 200 1047 quium
215 973 304 1032 etiam
318 970 382 1033 Deo
403 972 602 1048 praestituros
625 988 707 1044 esse,
728 974 756 1047 si
778 967 885 1034 omne's
907 977 1015 1051 gentes
1091 1016 1093 1020 .

91 1078 316 1167 perdereutet
331 1083 476 1141 terrarum
491 1077 596 1139 orbem
618 1078 693 1138 solis
715 1077 785 1138 filiis
796 1077 889 1138 Israel
911 1075 1016 1152 possi·

90 1182 226 1245 dendum
248 1182 409 1257 traderent.
447 1181 556 1244 contra
573 1181 632 1244 hoc
653 1182 726 1243 diota
745 1181 864 1254 Esaias,
886 1172 953 1242 Dixi
974 1182 1014 1243 de

91 1287 234 1359 victoria,
270 1288 369 1362 quatis
404 1296 433 1349 ot
467 1295 581 1365 quanta
612 1304 650 1348 ea
677 1288 777 1348 futura
813 1287 869 1359 sit,
898 1296 1014 1363 nempe

90 1392 274 1464 clarissima,
295 1392 350 1453 sed
365 1408 424 1453 uon
439 1394 494 1453 erit
504 1395 616 1454 bellum
628 1399 680 1455 aut
695 1392 822 1453 viatoria
833 1391 1013 1470 corporatis.
1087 1426 1089 1433 ι

176 1497 275 1565 Labor
306 1495 357 1557 hio
384 1503 432 1561 ost
454 1498 485 1557 in
508 1498 713 1573 grammatica.
739 1490 788 1559 'In
809 1493 929 1559 Ebraeo
949 1510 1013 1557 non

88 1610 155 1674 est,
178 1600 283 1665 Omnis
307 1601 438 1664 violenta
458 1603 633 1674 praedatio,
661 1604 694 1658 ut
715 1601 921 1675 Hieronymus
944 1612 1013 1659 ver-

88 1708 136 1776 tit,
171 1706 225 1767 sed
253 1705 298 1769 sio
328 1710 388 1775 est,
422 1701 529 1764 Omnis
552 1703 633 1765 Seon
656 1698 781 1780 Seeu*)
813 1703 842 1762 in
872 1703 1011 1774 tumultu,

89 1816 120 1868 et
134 1789 347 1871 vestimentum
358 1798 524 1869 involutum
540 1808 688 1882 sanguine
701 1813 757 1869 eto.
780 1805 880 1881 Supra
901 1802 1011 1867 habui·

88 1928 159 1975 mus
187 1912 302 1988 aliquot
334 1911 499 1979 voeabula,
534 1927 614 1988 quae
636 1911 718 1987 apud
741 1908 956 1986 grammaticos
979 1908 1010 1977 in
1067 1982 1074 1998 Ι

87 2015 209 2077 Ebraee
229 2015 333 2091 lingua
352 2017 457 2091 ignota
473 2023 564 2088 suut,
590 2017 662 2093 quia
684 2013 823 2077 eonoidit·
838 2029 948 2090 magna
970 2029 1011 2084 ax
1102 1995 1107 2012 ’

90 2128 190 2197 parta,
225 2128 371 2197 quantum
398 2121 504 2189 attinet
524 2121 561 2196 ad
585 2121 812 2198 grammaticam
835 2119 1009 2196 positivam,

89 2226 141 2286 uhi
163 2225 312 2289 dotentur
334 2226 485 2290 voeabula
506 2226 705 2293 etdiotionos
727 2241 837 2287 rerum.
876 2223 908 2284 lu
930 2240 1006 2301 syn·

88 2330 211 2406 tantast
224 2331 316 2393 etiam
330 2347 460 2407 maguus
482 2332 627 2403 detectus,
649 2330 708 2392 nisi
729 2329 822 2391 latina
843 2334 874 2390 et
894 2343 1007 2405 graeca

87 2437 180 2498 biblia
199 2432 429 2522 habuissemus
451 2437 593 2499 fortassis
606 2435 756 2496 Ebraeum
776 2435 830 2496 viii
851 2433 1005 2495 dimidium

87 2542 284 2605 haberemus.
328 2542 549 2605 [inclinationes
577 2541 700 2620 quidem
721 2549 751 2603 et
772 2536 1005 2617 conjugationes

89 2648 166 2709 satis
191 2647 346 2722 diligenter
367 2647 550 2720 docuerunt,
580 2647 732 2709 voeabula
754 2662 853 2707 rerum
876 2653 906 2707 et
926 2643 1006 2721 figu-

86 2761 173 2816 ratas
187 2753 352 2817 sententias
366 2754 588 2830 nonexplieart
609 2751 860 2822 sedobsouraut
890 2749 1005 2812 Occur-

83 2861 215 2922 rendum
236 2874 308 2934 ergo
326 2874 366 2942 ex
387 2874 468 2925 novo
481 2858 685 2930 testamento,
706 2841 887 2933 praesertim
908 2855 1003 2918 Paulo
1059 2848 1062 2853 ’

85 2972 117 3025 et
138 2963 292 3029 Johanne.
315 2964 366 3040 qui
389 2964 481 3023 multa
503 2964 655 3025 vocabula
675 2962 909 3031 ittusuavtrunt

172 3067 237 3131 Non
258 3075 306 3131 ost
328 3074 456 3137 certum
479 3068 552 3152 quid
575 3068 616 3129 sit
637 3084 698 3129 vox
717 3061 829 3180 Τῑκῠ
851 3082 1004 3144 nusquam

83 3183 168 3243 enim
190 3180 337 3256 reperitur
359 3179 389 3238 in
411 3179 520 3251 bibliis,
542 3196 635 3258 quam
657 3129 829 3242 hocloco
855 3181 1019 3256 Quantum·
1049 3252 1053 3257 p

84 3294 191 3348 atatem
236 3301 276 3345 ex
320 3285 546 3346 oiroumstantia
582 3285 682 3360 aotttgi
713 3290 837 3363 potest,
886 3282 1006 3345 videtur

83 3389 262 3468 siguificare
284 3391 449 3465 proelium,
471 3406 604 3467 pugnam
625 3407 682 3452 seu
703 3390 889 3462 conflictum,
911 3405 1004 3467 quem

84 3497 231 3556 Germani
260 3503 371 3556 vocant
398 3491 774 3574 eine‘&t{;1od3t,·ipsum
802 3506 1003 3572 congressum

85 3614 301 3633 nunu-m

123 3672 159 3737 t)
179 3667 236 3755 prb
255 3669 325 3767 ps?
380 3750 386 3761 .
