2258 4170
559 197 566 210 Ι

446 254 450 259 ,
504 198 610 255 nanee.

397 308 406 316 .
432 308 437 315 .

356 420 564 537 [Recedite.
586 456 769 519 recedite.
863 468 867 475 '

188 579 262 641 Post
283 586 383 643 tantus
410 582 629 660 promissiones
652 582 773 657 subjicit
795 582 942 661 propheta
963 602 1017 646 ex·
1108 590 1111 597 '

113 683 319 757 hortationem,
342 689 443 764 qualis
464 689 514 747 illc
533 688 618 747 Pauli
639 694 688 748 est
707 684 734 749 2.
757 686 824 749 Gor.
845 684 865 750 6
887 697 916 748 et
931 689 1015 753 ilum.

114 786 157 861 13,
178 788 329 860 Recedite,
351 792 493 866 inunita
515 807 609 866 regno
631 793 751 863 mundi,
774 802 965 869 peecatorum
988 803 1019 855 et

113 894 321 959 conscientiae.
369 897 589 973 amplectimini
627 898 816 973 evangelium
854 906 885 958 et
926 900 1018 959 nolite

112 1010 226 1077 tempus
250 1002 364 1076 gratiae
388 1002 548 1077 negligere.
639 1000 641 1005 ’

297 1135 493 1197 Pollutum
515 1136 635 1198 nolite
657 1144 825 1212 tangere.

182 1260 296 1338 Figura
316 1271 440 1341 sumpta
462 1250 597 1342 exlege,
619 1281 710 1342 quam
728 1267 870 1326 transfert
892 1265 930 1325 ad
952 1263 1016 1343 spi·
1075 1250 1082 1261 ’

106 1366 241 1428 nitriotem
264 1358 441 1431 munditiam
471 1377 502 1430 et
522 1368 749 1431 immunditiam·
791 1369 938 1432 Pollutum
962 1387 1017 1431 au·

68 1514 71 1519 -
105 1480 160 1533 tam
183 1485 242 1543 eat,
263 1473 412 1552 quidquid
435 1492 495 1537 non
517 1475 693 1552 simpliciter
713 1492 752 1537 ex
772 1473 832 1535 lide
854 1474 964 1537 Christi
987 1483 1017 1535 et

55 1568 66 1579 ''
102 1578 237 1655 gratuita
259 1581 357 1656 gratia
380 1579 519 1660 pendet}
549 1580 647 1655 Quare
668 1596 726 1641 non
749 1587 862 1641 tanturn
885 1581 1016 1669 intellige

103 1682 253 1745 adulteris
284 1692 315 1745 et
336 1680 449 1746 caedes
482 1702 518 1747 ac
553 1700 660 1746 crassa
693 1686 750 1745 elia
785 1693 925 1763 peecata,
959 1683 1014 1747 sed
1052 1689 1055 1695 '

99 1787 250 1867 quidquid
273 1790 419 1868 optimum
442 1798 490 1852 est
511 1790 540 1851 in
560 1790 682 1851 homine
703 1790 938 1851 nonillnminato
962 1804 1016 1866 per

100 1892 240 1970 spiritum
262 1904 417 1965 sanctum,
439 1897 555 1958 scilicet
576 1895 733 1973 sapientia,
755 1895 868 1971 religio,
887 1894 1015 1970 justitia,
1099 1918 1101 1923 ·

100 2004 132 2059 et
151 2000 296 2075 speciosa
325 2000 375 2065 illa
397 2017 506 2085 opera,
540 2016 620 2080 quae
654 1998 793 2061 homines
822 2000 1015 2061 abducuntur

102 2100 215 2164 fidncia
236 2104 352 2180 gratiae
374 2106 411 2165 ad
435 2088 728 2183 praesumptionem.
764 2112 794 2165 et
815 2104 928 2185 habent
950 2121 1014 2165 ma·

103 2208 215 2269 xlmam
246 2210 381 2287 speciem
416 2210 594 2271 sanctitatis.
640 2210 734 2271 Debet
767 2211 845 2271 enim
875 2204 1014 2287 θὼν),

105 2330 182 2391 quae
205 2312 273 2374 sola
289 2302 372 2392 'pura
393 2321 449 2387 est,
471 2316 500 2375 in
521 2331 605 2375 mera
627 2315 723 2402 gratia
745 2315 805 2375 niti.
903 2328 910 2347 ’

55 2468 58 2539 j
139 2526 144 2531 Ι
176 2444 423 2531 [Mundamiui
446 2450 509 2527 qui
531 2450 643 2511 lentie
666 2466 762 2511 vasa
784 2448 939 2513 Domini.

55 2556 60 2653 ᾖ
183 2574 398 2639 Pertinet-hoc
418 2577 539 2654 proprie
571 2576 610 2636 ad
638 2576 792 2638 ministros
815 2574 960 2652 πῶμ’)
985 2586 1015 2639 et

57 2656 65 2669 ⁸
109 2680 261 2753 ductores,
282 2680 313 2741 hi
337 2682 417 2742 enirn
440 2682 537 2743 lerunt
559 2699 635 2742 vasu
658 2682 783 2753 Domini,
806 2684 896 2760 quasi
917 2683 1013 2742 diest:

109 2787 177 2858 Vns.
198 2789 251 2864 qui
273 2787 350 2848 estis
364 2786 516 2857 doctores,
538 2786 638 2848 ridete
657 2794 691 2847 ut
710 2788 778 2847 sitis
793 2790 901 2851 mundi.
924 2774 1015 2849 nolite

106 2893 268 2969 cauponari
292 2892 428 2963 verbnm,
448 2893 503 2953 aad
525 2878 633 2953 docete
662 2894 690 2952 iu
718 2892 919 2969 simplicitate.
961 2890 1016 2952 Est

105 3004 201 3058 antem
225 2998 403 3059 necessaria
424 2996 612 3067 adhortatio,
639 3014 701 3074 qua
731 3013 888 3058 monemur
909 2996 1015 3073 primo.

104 3110 134 3163 ut
154 3119 337 3165 maneamus
357 3102 387 3163 in
409 3120 480 3163 vera
504 3101 579 3171 ilde,
610 3101 761 3173 secundo,
783 3110 815 3163 ut
836 3117 1014 3163 maneamus
1124 3094 1127 3101 '

101 3189 129 3267 in
152 3223 231 3284 puro
254 3207 379 3286 verhoJ,
400 3209 467 3269 sine
487 3224 550 3284 quo
563 3206 641 3267 tides
664 3224 723 3268 non
742 3216 845 3284 potest
855 3206 1014 3268 exsistere.

97 3380 101 3385 -
192 3343 390 3418 [Quoniam
412 3360 485 3403 nou
507 3342 541 3402 in
565 3346 725 3403 tumultu
747 3344 932 3403 exibitis·

179 3470 319 3545 Respicit
340 3471 378 3530 ad
400 3469 557 3551 historiam
580 3470 681 3531 exitus
703 3471 742 3529 de
763 3474 920 3547 Aegypto,
943 3466 1013 3528 inde

152 3598 803 3714 ‘illidennilituraulwntrr'⁸)1ubhtntio
827 3647 859 3697 ed
880 3646 1013 3696 ministros

99 3740 184 3793 veihi.
553 3752 566 3773 0

115 3840 212 3881 urim
222 3838 279 3891 θη,
292 3850 351 3893 q
371 3840 418 3882 Vol.
432 3840 513 3885 nur.
788 3850 810 3917 9
