2258 4170
366 124 627 277 [redaccendi.
662 197 711 255 ,ι
778 222 779 227 ,
902 160 986 228 353

124 344 158 405 In
180 344 330 424 principio
353 345 518 422 evangelii,
546 337 624 408 cum'
636 344 775 407 audirent
796 334 966 407 adversarii

83 465 102 511 s
124 450 253 522 decere,
281 450 365 526 qued
386 451 436 511 lex
464 459 548 517 esset
573 453 681 524 virtus
695 451 837 528 beecati,
865 467 965 528 paene
982 451 1033 477 “¹
1061 430 1064 438 ¹

98 557 212 645 rabiem
234 557 310 628 acti,
330 563 363 643 *et
384 573 441 618 nos
463 543 523 619 bec
539 557 687 619 docentes
706 555 891 619 horribiliter
912 574 966 619 ex·

83 663 157 723 crati
185 666 270 749 sunl,
305 663 360 724 sed
383 679 443 724 non
465 662 568 724 vident
590 662 670 751 banc
691 679 763 729 esse
796 663 966 725 doctrinam

83 770 141 831 auli.
178 767 291 855 ‚Neque
314 768 449 861 inlelligit
469 769 563 840 ratio,
591 770 747 846 quomodo
771 771 822 832 lex
843 769 883 831 sit
906 769 965 831 vir·
991 784 993 788 ·

83 893 99 938 o
119 876 247 953 peccati
289 852 440 936 illustrata
456 875 535 935 enim
552 864 682 936 naturali
703 892 761 938 suo
785 876 898 959 lumine
920 875 966 936 sic

83 982 174 1053 dicat,
203 980 267 1042 Lex
291 988 347 1041 est
360 980 498 1041 doctrina
518 980 712 1057 praecipiens
745 981 827 1043 bona
856 988 887 1042 et
909 980 966 1043 bo·

83 1095 149 1158 csta,
170 1102 208 1148 ae
221 1080 482 1164 prohibensmala
503 1086 662 1165 actorem,
685 1102 758 1163 ergo
781 1092 863 1148 certe
875 1086 967 1148 bona
1052 1135 1054 1143 .

85 1200 144 1254 tet
164 1199 288 1264 sancta,
308 1198 390 1267 erge
406 1207 465 1252 nen
488 1199 538 1254 est
558 1192 655 1255 virtus
677 1184 805 1270 peccati,
827 1192 883 1257 sed
906 1193 966 1254 vir·
1001 1200 1008 1209 '
1052 1236 1055 1243 .

83 1316 101 1361 s
124 1297 268 1374 justitiae.
312 1296 390 1373 Ergo
407 1299 531 1363 Paulus,
545 1305 593 1360 est
609 1298 761 1362 maximas
784 1297 967 1371 haereticus,
1039 1293 1041 1296 ⁴
1119 1279 1121 1284 ⁷

83 1405 103 1467 ιι
115 1403 204 1466 addet
213 1420 251 1466 es
265 1402 481 1480 blasphemum
495 1390 525 1465 in
539 1406 657 1467 eoelum
670 1413 776 1468 centra
789 1405 886 1468 Deum
910 1403 966 1467 tel·

83 1526 112 1572 re
131 1518 161 1571 et
181 1509 298 1583 dicere,
328 1510 412 1587 qnod
434 1511 485 1572 lex
506 1511 547 1573 sit
570 1511 667 1573 virtus
690 1511 822 1590 peceati,
854 1510 884 1573 id
910 1519 967 1582 est,

83 1616 131 1679 nod
154 1622 283 1692 augeat,
306 1614 425 1692 quedl
411 1614 550 1678 lortiflcet
571 1623 602 1678 et
622 1617 747 1680 roboret
769 1606 949 1696 peccatum]
996 1616 998 1621 '
1076 1706 1081 1723 ,

128 1722 203 1783 Hinc
224 1721 301 1783 ratio
332 1719 461 1800 audiens
489 1713 588 1800 legem
617 1739 689 1786 esse
723 1724 864 1784 virtatem
893 1737 967 1799 pec-

83 1827 215 1899 ninello
229 1827 322 1889 modo
343 1808 373 1887 id
390 1828 468 1889 serre
487 1834 599 1904 potest,
621 1834 671 1890 est
685 1828 765 1891 enim
787 1829 818 1888 in
840 1844 877 1889 ea
897 1842 967 1905 per·
975 1891 982 1911 x

83 1934 203 2007 nacione,
227 1933 311 2010 quod
334 1932 480 2005 infirmet,
502 1934 624 1995 aboleat
646 1942 676 1996 et
697 1936 836 1997 destruat
857 1947 967 2010 pccca-

83 2056 131 2111 nn,
157 2038 241 2116 qnod
265 2039 305 2099 sil
327 2038 422 2099 virtus
442 2036 591 2113 justitiae,
623 2037 757 2117 ideoque
780 2044 866 2115 putat
887 2037 967 2098 banc

83 2144 215 2205 celticam
236 2138 322 2206 Pauli
346 2160 418 2206 esse
440 2142 673 2222 blasphemiam.
698 2144 818 2233 ‘Magno
841 2150 871 2205 ct
895 2143 967 2204 mul-

84 2250 267 2323 slaboribns
285 2250 426 2311 'constitit
446 2249 552 2322 nobis,
577 2255 612 2311 ,ιιι
633 2247 715 2311 bunc
735 2256 851 2311 textum
873 2255 904 2311 et
924 2249 967 2311 si-

83 2355 135 2418 iles
161 2355 190 2416 in
214 2353 374 2433 prophetis
397 2362 427 2417 et
447 2355 542 2417 Panlo
557 2353 818 2431 intelligeremus.
860 2353 966 2416 Patres

83 2467 157 2534 cent,
179 2468 209 2523 et
231 2460 479 2523 inconvenientia
501 2459 619 2532 dicunt,
638 2460 735 2523 'imme
757 2476 888 2538 prorsus
910 2459 966 2522 ob·

83 2573 172 2628 terant
192 2567 274 2628 tales
293 2566 390 2629 locos.

111 2669 193 2749 ¹Sed'
213 2666 372 2755 quomedo
394 2672 444 2733 lex
465 2671 506 2732 sit
527 2669 625 2734 virtus
647 2671 780 2750 peccati,
809 2670 969 2753 quomode*

82 2786 205 2842 tccalum
227 2785 377 2854 augeatur
398 2786 428 2839 et
449 2764 610 2839 roboretur
631 2793 687 2855 per
707 2779 821 2855 legem,
835 2823 838 2827 ,
854 2775 883 2837 id
905 2792 968 2837 non

85 2885 215 2956 ratione,
247 2883 303 2947 sed
326 2901 364 2945 ex
386 2883 480 2946 Paulo
503 2883 542 2944 ad
564 2882 689 2948 Galatas
717 2891 747 2945 et
768 2884 853 2945 Rom.
872 2879 894 2945 ι
922 2882 968 2943 di-

83 2991 196 3053 endum
219 2997 286 3074 est,
306 2989 360 3076 nbi
381 2989 486 3069 inquil,
508 2989 587 3050 Lex
593 2997 737 3084 operatur
756 2989 847 3060 iram,
870 2982 905 3049 et'
921 2995 970 3048 est
1066 3042 1068 3047 ,

83 3105 145 3159 nus
168 3096 298 3174 peccati.
341 3081 411 3158 Non
430 3095 513 3173 qnod
535 3095 638 3156 incitet
665 3102 696 3156 ct
717 3101 809 3172 cogat
830 3107 969 3172 peccare,

83 3202 100 3264 d
124 3201 210 3280 quod
229 3208 391 3279 peceatum
412 3200 491 3274 iacit,
512 3209 545 3262 ιιι
566 3199 620 3262 fiat
641 3214 775 3279 peccans
797 3205 968 3278 peceatum,
1017 3276 1019 3281 Ι
1056 3271 1061 3284 .

84 3323 103 3370 e
128 3313 191 3378 est,
208 3307 314 3379 iacit,
348 3313 381 3367 ut
402 3322 611 3383 agnoscamus
633 3306 813 3384 gravitatem
836 3312 866 3366 ct
888 3310 968 3365 atro·
1010 3353 1016 3370 ,

83 3418 168 3476 atem
190 3414 323 3492 peccati,
346 3413 479 3474 ostendit
500 3417 675 3491 peccatum,
696 3424 757 3473 non
779 3410 870 3486 tollit,
897 3408 970 3470 dicit

83 3520 184 3581 idem
194 3526 223 3580 et
242 3517 347 3594 jubet,
373 3533 455 3594 quae
476 3516 618 3579 facienda
647 3517 722 3590 sint,
752 3508 901 3587 videlieet,
924 3513 965 3576 di·

83 3625 214 3688 endum
237 3636 310 3686 esse
332 3600 434 3684 Deum
452 3639 494 3685 ex
512 3629 576 3684 ιοιο
598 3622 705 3695 corde,
740 3629 768 3683 et
797 3621 968 3698 proximum

85 3739 124 3794 ut
147 3747 197 3794 me
224 3731 328 3810 ipsum
350 3737 429 3802 etc,
457 3728 514 3791 sed
543 3729 649 3791 virium
679 3726 754 3791 nihil
785 3727 969 3806 suppeditat.

83 3843 169 3889 ‚utheri
183 3842 241 3903 opp.
256 3853 316 3899 aaa.
342 3839 483 3886 teaxxllt.
593 3882 595 3887 ,
718 3837 764 3910 23
