2258 4170
512 154 620 223 usuras.
773 250 776 257 .
888 102 903 181 '-
963 153 1024 222 m

99 359 236 422 semper.
281 345 360 406 Sunt
383 342 517 422 epitheta
549 351 579 405 et
611 332 732 420 proprie
762 341 925 420 passiones
957 356 1024 402 om·

100 452 184 511 nium
198 452 377 528 impiorum,
400 449 577 530 praesertim
591 456 691 510 eutem
706 450 849 534 falsorum
864 447 1044 509 doctorum*

102 562 133 616 et
154 555 422 634 haeretieorum,
460 554 542 634 quod
575 548 747 645 uenienti
777 562 925 632 possunt.
963 569 1023 614 non
1062 633 1066 642 Ι
1109 548 1114 560 “

102 661 308 734 erubeseunt,
329 679 390 725 non
407 661 522 723 habent
539 661 667 727 irontem
690 660 846 732 euroeam,
875 659 930 723 sed
953 665 1024 722 sunt

104 754 335 846 contemptores
357 775 389 830 et
405 767 517 830 securi.
588 841 591 849 Ι

172 957 359 1034 [Propter
381 971 515 1018 nomen
538 971 657 1015 meum
681 955 796 1032 longe
817 947 966 1017 iuriam.

192 1084 285 1147 Verte
316 1085 379 1147 sie:
412 1084 538 1161 Propter
571 1099 680 1144 nomen
704 1070 803 1152 meum
838 1099 906 1146 sum
938 1085 1022 1159 iong-

112 1190 234 1262 unimis‚
256 1196 287 1251 et
307 1180 430 1268 p‘ropter
451 1188 570 1249 taudem
594 1167 692 1251 meam
717 1175 876 1250 refrenabo
900 1207 948 1252 me
970 1188 1024 1272 tibi

59 1354 64 1383 ,
117 1294 160 1375 (id
183 1301 249 1365 θιιι,4
265 1325 267 1329 >
281 1303 406 1373 propter
433 1295 481 1355 vei
503 1294 533 1354 in
554 1300 639 1355 tuum
661 1296 890 1372 commodum),
912 1312 949 1356 ne
971 1311 1025 1354 ex-

116 1401 291 1487 suadetis„
320 1400 375 1462 Est
416 1400 544 1475 insignis
579 1401 727 1461 sententia
760 1409 863 1462 eontra
898 1416 1024 1478 operum

59 1546 62 1555 ·
116 1507 225 1568 menta.
270 1507 396 1584 Propter
416 1504 528 1566 MEUM
549 1512 666 1574 nomen.
688 1523 748 1568 non
776 1500 899 1585 propter
918 1504 1017 1582 tuum]

59 1624 62 1633 ·
114 1627 233 1684 nomen,
256 1612 338 1690 quod
364 1612 484 1673 vocaris
506 1610 545 1672 de
566 1612 690 1679 civitate
710 1620 817 1674 sanctu
844 1615 912 1690 [aut
932 1612 1025 1672 Fren-

59 1716 92 1851 Ι
114 1717 193 1789 eisei,
215 1724 271 1778 aut
290 1717 464 1794 Augustini,
490 1722 543 1776 sut
563 1700 729 1778 Bernhurdi
751 1724 808 1781 ete
851 1717 902 1778 Si'e
923 1715 1025 1785 haurit

59 1858 62 1943 ι
113 1839 170 1884 uno
192 1822 291 1884 verbo
313 1840 421 1886 omnes
439 1822 544 1884 mnndi
561 1822 695 1899 justitias
719 1830 748 1884 et
769 1823 940 1908 religiones

59 2009 209 2072 Eece
233 2011 379 2073 excoxi
411 2017 461 2082 te
494 2011 656 2073 sednon
679 2011 788 2089 quusi
811 2018 1025 2086 argentum

188 2136 397 2216 Est'msiguis
410 2138 621 2214 consolatium
636 2154 734 2202 cruce.
766 2138 913 2200 Promittit
933 2138 1024 2209 enim,
1065 2130 1068 2141 '

106 2242 191 2322 quod
222 2259 257 2304 se
286 2247 440 2328 continere
468 2253 498 2307 et
530 2246 681 2306 refrenare
703 2237 795 2329 vetit„
828 2261 865 2306 ne
903 2245 1025 2322 penitus

106 2350 222 2427 perdat
240 2367 332 2413 suum
354 2344 509 2428 populum.
552 2351 635 2427 Quae
658 2351 748 2427 igitur
770 2358 818 2413 est
838 2351 937 2412 rutioi
972 2348 1024 2427 qui

106 2462 156 2517 est
179 2455 304 2528 modus,
327 2455 449 2533 quodi)
472 2464 575 2519 servat
597 2458 677 2519 Deus
704 2471 796 2528 suos,
815 2473 857 2518 ne
879 2457 1024 2534 pereunti

108 2559 228 2648 Nempe
248 2551 318 2630 hie,
336 2588 339 2593 ·
359 2562 442 2638 quod
464 2564 610 2641 excoquit
643 2563 673 2625 in
706 2563 844 2636 cumino,
875 2561 935 2625 hoe
968 2571 1024 2633 est,

110 2666 194 2744 quod
219 2665 341 2742 affligit,
379 2673 409 2726 et
430 2683 549 2730 erucem
572 2666 661 2731 nobis
690 2669 825 2746 imponit.
868 2668 948 2745 tngo
977 2671 1020 2729 ai·

110 2770 232 2833 flictio
235 2777 336 2863 >non
352 2773 438 2845 irae
445 2772 564 2835 divinoe
586 2775 705 2865 signum
728 2785 790 2846 est,
819 2775 873 2875 sed
898 2776 1020 2857 gratiae
1097 2780 1102 2787 ¹

73 2928 77 2937 .
112 2876 191 2979 Ergo
225 2876 351 2939 afflictio
382 2893 442 2937 non
475 2884 523 2939 est
557 2873 725 2961 danmatio,
762 2882 817 2944 sed
850 2882 944 2945 seius.
988 2878 1023 2940 Et
1095 2942 1100 2950 ,

113 2968 194 3045 Deus
228 2999 297 3044 eum
328 2981 447 3060 affligit,
479 2982 548 3046 ideo
579 2983 700 3062 affligit,
731 2995 762 3050 ut
790 2987 961 3058 servemur,
995 2992 1025 3046 et
1086 3054 1088 3061 s

110 3104 169 3148 non
192 3104 261 3148 eum
285 3087 345 3149 hoe
367 3088 479 3163 mundo
499 3090 683 3152 damnemur.

193 3193 285 3269 Quod
306 3193 397 3266 addit,
420 3211 477 3263 non
500 3195 757 3273 sieutnrgentum,
779 3199 849 3260 ideo
871 3198 963 3268 addit
986 3213 1024 3258 ne
1102 3239 1106 3247 ·

111 3299 281 3376 corporalis
309 3285 448 3379 purgatio
468 3300 671 3378 intelligetur.
714 3300 798 3363 Siout
820 3302 848 3363 in
872 3305 967 3365 Amos
977 3296 1022 3385 ’*)

109 3402 298 3480 spirituatem
321 3405 430 3464 tamem
463 3385 553 3465 v‘oent
574 3407 697 3479 tamem,
739 3409 890 3487 [sednon
925 3410 1023 3486 panis.

181 3647 216 3713 ‘')
234 3644 352 3713 Afflictio
370 3663 423 3701 uon
441 3656 481 3702 est
500 3650 604 3718 siguum
625 3604 681 3704 irue
700 3651 813 3706 diuinae.
850 3652 900 3722 i*)
919 3653 977 3706 Αιιι.
997 3653 1022 3704 9.

168 3738 216 3829 ,¹³
235 3739 324 3841 lueri,
345 3740 490 3837 ¹⁵³{0⁸‘=.
511 3759 572 3812 quo,
614 3748 617 3755 '
653 3764 710 3838 ‘j

445 3966 507 4108 't
