2258 4170
462 151 570 214 Esaiae.
727 180 730 189 ·
907 118 970 212 1²17·

137 328 228 405 Quod
249 329 330 399 dicit.
352 332 583 407 prosperabitur
603 332 632 393 iu
654 330 720 404 dis,
740 333 778 392 ad
800 346 881 409 quaa
902 332 971 409 misi

51 430 143 505 titud,
173 434 324 510 signifieat
347 436 422 507 iura,
456 447 488 499 ut
509 436 617 499 afferat
635 436 807 512 verbum*)
841 426 879 497 ad
913 453 970 499 uas

51 536 207 613 iustitiam
241 546 271 601 et
300 542 440 602 satutem.
483 544 544 605 Sed
571 542 631 605 hoa
652 542 767 614 numid
787 542 854 603 siue
874 549 971 603 touta·

58 644 143 705 tiaue
171 652 202 705 et
227 638 328 707 omae:
370 646 441 708 ideo
463 648 540 711 bene
562 648 692 719 addidit,
730 648 969 726 prosperabitur,

10 840 12 850 Ι
60 750 149 826 quasi
170 750 264 812 dicut:
286 751 485 827 Quantumvis
499 754 659 816 resistatur
680 770 699 821 a
720 752 969 823 mandassemus

10 924 13 946 ἶ
63 864 93 917 at
112 862 213 918 restra
233 857 429 928 conscientia.
450 865 549 920 tumen
574 858 812 937 prosperabitur.

208 1044 303 1119 Quia
324 1046 360 1107 i'u
382 1046 537 1108 taetitia
558 1043 825 1122 egrediemini.

81 1153 92 1172 ²
140 1170 251 1233 uitauit
278 1174 318 1235 ad
350 1174 463 1236 exitum
494 1173 533 1235 da
553 1174 705 1251 Aegypto.
747 1172 882 1237 Eduuam
911 1193 968 1236 vos

73 1276 95 1337 iu
123 1276 233 1339 laetitia
262 1278 303 1339 de
335 1296 417 1341 nova
449 1282 607 1358 Aegypto.
629 1278 667 1341 de
697 1286 807 1350 morte,
845 1278 969 1351 intumo,

75 1390 189 1459 paeaato
220 1392 251 1444 at
272 1378 311 1439 de
331 1378 488 1445 laboriosa
505 1384 622 1461 justitia
649 1385 678 1445 in
707 1375 830 1461 ¹reguum
853 1386 969 1460 gratiae

10 1492 22 1514 ·“
70 1496 94 1549 at
111 1488 299 1551 remissionis
321 1498 531 1565 peecatorum,
561 1498 593 1551 ui
619 1488 761 1552 habeatis
790 1496 968 1567 perpetuum

10 1578 23 1619 ²
68 1588 201 1671 gaudium
212 1593 241 1653 iu
255 1592 372 1671 spiritu.
403 1598 488 1665 Ante,
510 1585 650 1657 aumsub
663 1597 730 1671 iege
744 1594 846 1665 eratis,
868 1596 969 1655 omnia

10 1711 18 1721 ·
62 1706 140 1760 eraut
160 1700 250 1775 piena
271 1696 355 1761 tuctu
376 1678 529 1773 silebere,
552 1696 625 1778 quia
647 1717 700 1761 eor
721 1717 780 1761 nau
803 1708 867 1761 erat
881 1700 967 1779 quie-

60 1812 127 1867 tum.
169 1788 256 1865 riano
277 1812 378 1867 autam
402 1822 456 1883 per
475 1804 566 1867 fidem
588 1806 617 1867 in
630 1804 782 1867 christum
807 1821 914 1883 paoem
936 1814 967 1866 at

56 1909 199 1986 gaudium
221 1908 385 1974 habebitis.
416 1912 585 1974 Possumus
607 1918 708 1971 autem
730 1926 770 1972 ex
784 1909 896 1985 gaudio
919 1911 967 1971 iu·

57 2014 190 2091 tetiigere
211 2015 362 2078 deiectum
383 2014 453 2076 ddei
477 2022 608 2087 nostrae,
630 2022 776 2093 quantum
798 2014 876 2075 euim
900 2033 967 2077 are-

54 2121 172 2185 dimus.
205 2128 319 2201 tautum
347 2138 476 2183 neeesse
511 2129 559 2183 est
597 2120 741 2197 gaudere.
785 2118 837 2181 Est
866 2130 965 2181 taurea

55 2225 202 2301 gaudium
224 2224 283 2286 huo
298 2224 562 2298 iratribulatioua,¹
576 2226 781 2305 iris-quamvis
796 2226 966 2287 sentiamus

55 2338 199 2405 perusta.
218 2333 366 2411 inopiam.
396 2328 639 2409 persecutionem
661 2338 735 2410 eta,
762 2339 861 2419 tamea
884 2331 969 2391 diea-

59 2452 139 2508 ruus,
160 2436 227 2514 quid
250 2437 288 2500 ad
312 2438 379 2501 met
403 2437 511 2499 Habeo
532 2433 696 2509 Christum,
717 2436 768 2515 qui
792 2452 872 2498 unus
895 2436 967 2498 mitri

61 2548 112 2603 est
133 2560 184 2621 pra
204 2543 345 2608 omuibus
362 2540 517 2605 thesauris
539 2540 651 2613 muudi,
673 2541 753 2604 siout
774 2542 812 2603 de
834 2542 967 2619 quodam

64 2648 197 2710 Romano
216 2650 283 2710 eive
295 2649 434 2727 legimus,
457 2646 509 2726 qui
531 2662 600 2707 eum
613 2654 737 2725 propter
752 2639 967 2708 tidem'ctrriati

69 2760 173 2815 erutus
185 2754 375 2817 facultatibus
390 2755 419 2814 iu
442 2750 563 2814 exitium
576 2759 725 2827 ageretur.
747 2752 860 2813 Saltem
884 2750 968 2818 cirt-

10 2869 12 2924 ;
74 2868 157 2926 stum.
173 2842 465 2939 iuquit'reiinquetis
487 2854 570 2919 mihi.
599 2856 677 2919 Huic
699 2857 727 2919 in
740 2857 969 2937 corporaliter·

80 2968 177 3027 tatiana
195 2953 311 3029 marites
338 2973 370 3029 et
401 2964 496 3027 cultas
527 2962 634 3026 omues
663 2962 785 3027 eantare
814 2963 968 3026 stridere

85 3072 246 3135 uidebamur.

184 3259 249 3322 Pro
271 3224 499 3320 siriiu'uauia
521 3254 853 3319 asaeudatabies.

151 3388 205 3449 iiuu
224 3389 429 3467 reiiudu'emur
447 3386 478 3447 iu
501 3380 699 3463 emissust)
723 3384 823 3447 trimas
854 3392 884 3447 at
898 3389 967 3448 sta·

96 3491 147 3589 rias
162 3492 373 3593 'muffefirri'm
395 3500 450 3563 ast
472 3491 592 3589 startias
606 3498 638 3590 pt
654 3490 770 3586 :uariae
789 3488 966 3575 traditiones

10 3671 38 3762 ’Ῑ
143 3714 163 3781 'i
178 3710 393 3777 iidemumarbi
410 3709 479 3775 ..**)
498 3710 610 3781 Fruatur
628 3671 794 3767 eeateo'os-
814 3668 827 3777 ,Ι
873 3663 916 3779 Ηῑ

33 3763 40 3870 ξ
111 3815 247 3874 masupia.
261 3828 321 3873 ma.
341 3815 391 3859 vat
408 3814 483 3858 xxiii.
720 3796 759 3862 12
