2258 4170
378 164 624 239 taetriorem?
886 168 949 241 305

83 354 105 428 ii,
123 361 154 416 st
165 362 199 416 ut
212 354 361 432 sugamus
375 355 470 417 ubera
487 357 584 418 instar
602 355 756 427 intentum,
775 350 949 418 lacticiniis·

83 468 137 522 eet
150 459 220 522 cibo
233 461 430 523 molliusculo.
444 462 568 534 alamur,
589 463 688 525 donec
708 460 948 537 grandescamus
1051 523 1053 527 .

95 566 307 628 adolescemus
335 567 363 627 ln
388 568 483 628 virum
504 568 687 643 perlectum,
724 567 753 626 in
776 565 948 629 mensuiam

83 672 145 733 tetis
167 673 276 750 plenae
297 671 418 734 adultae
439 671 560 734 Christi.

97 778 146 838 -ln
160 778 245 840 verbi
257 778 346 854 igitur
369 778 563 840 meditatione
583 777 730 873 assiduos
751 779 949 856 et'impigros

83 900 109 947 se
127 900 185 946 nos
207 891 342 962 oportet,
363 890 396 944 ut
416 899 455 945 ea
475 881 623 945 beneficia
645 884 780 958 auribus,
802 872 898 947 oeulis
920 894 950 946 et

83 974 178 1052 idibus
195 993 378 1066 ingerantur,
398 990 594 1062 inculcentur,
615 989 801 1064 insultanter,
823 991 950 1068 attigen-

83 1113 96 1169 r,
110 1096 317 1171 memoriaque
328 1100 433 1162 sotum
446 1094 578 1157 subinde
589 1096 774 1169 renovanda,
796 1113 835 1158 ne
844 1114 949 1159 eorum

83 1201 149 1263 livio
171 1201 314 1278 obrepet,
348 1217 386 1262 ne
407 1209 531 1278 torpore
551 1201 731 1277 languentes
751 1208 844 1277 tanto,
857 1203 951 1264 bene·

84 1311 107 1369 io
133 1305 328 1379 excidamus,
363 1314 531 1386 nostraque
551 1307 685 1381 desidia,
717 1308 901 1384 negligentia
922 1317 953 1370 et

83 1411 502 1492 gratitudineinaestimabilia
522 1429 559 1475 ea
581 1413 662 1475 bona
682 1414 867 1478 amittamus.

119 1519 251 1596 ideoque
285 1518 413 1579 ordinati
450 1526 522 1580 sunt
549 1519 590 1580 ab
616 1520 749 1580 ecclesia
776 1522 846 1581 stati
874 1521 949 1593 dies,

83 1626 148 1687 ilius
179 1622 365 1701 posthabitis
391 1624 534 1686 omnibus
551 1625 629 1707 ¹aliis
656 1624 787 1702 negotiis
809 1633 839 1687 et
860 1627 950 1699 curis,

83 1730 208 1808 :munes
221 1737 404 1806 occupatum
424 1736 472 1790 est
487 1748 585 1809 genus
604 1731 770 1794 humanum
793 1739 864 1809 post
885 1733 951 1809 lap-

83 1853 117 1907 m,
133 1833 193 1897 lroc
204 1836 337 1897 omnium
350 1834 483 1925 mammo
501 1834 637 1895 mirabile
658 1851 739 1913 opus
751 1839 817 1908 Dei,
838 1853 950 1900 arcano

83 1941 325 2002 nolito-trinitatis
349 1947 418 2002 ante
440 1941 575 2002 omnium
594 1957 694 2003 rarum
717 1944 890 2020 primordia,
912 1961 952 2005 ex
1042 2001 1046 2011 .

83 2047 250 2109 lentissimo
282 2062 386 2107 amore
412 2062 486 2122 erga
513 2062 571 2108 nos
597 2048 785 2110 miserrimos
807 2047 951 2111 mortales

83 2162 198 2225 roratum,
220 2160 361 2214 aocerto
384 2151 604 2239 praefinitoque
624 2160 761 2232 tempore
783 2155 950 2215 exhibitum

83 2261 281 2330 resideremus,
313 2266 352 2318 et'
370 2256 447 2318 inter
475 2272 533 2319 nos
556 2260 693 2320 suaviter
713 2267 952 2322 commentemur

83 2383 89 2426 r
110 2366 163 2426 lrac
175 2363 399 2435 consolationis
422 2362 598 2441 plenissime
619 2365 812 2441 copulatione
832 2367 961 2428 divinae-

101 2469 245 2533 humanae
273 2477 398 2531 naturae
419 2466 546 2542 christi,
575 2486 665 2548 quem
693 2472 774 2533 nulla
808 2488 868 2533 vox
897 2471 954 2532 hu·

83 2591 144 2647 nna,
169 2575 262 2637 immo
290 2590 347 2637 neo
374 2573 513 2649 angelica
538 2574 616 2637 setis
637 2573 723 2637 ellari
746 2582 856 2654 potest.
899 2578 953 2637 nt·

83 2681 183 2743 relrec
203 2680 321 2743 ratione
342 2697 402 2742 non
424 2687 538 2742 tantum
561 2687 682 2743 nosmet
703 2681 799 2758 ipsos¹
812 2682 953 2744 console·

83 2802 117 2859 m,
136 2787 299 2849 sedetiam
321 2785 401 2848 lianc
422 2786 542 2848 unicam
564 2786 693 2849 salutem
715 2795 746 2849 et
767 2782 865 2849 lucem
887 2804 952 2849 om·
988 2828 991 2835 ·

83 2907 122 2954 um
134 2892 265 2970 gerinum
286 2893 324 2953 ad
342 2892 549 2970 posteritatem
571 2908 744 2971 propagare
764 2893 955 2966 studeamus,

83 3000 179 3077 ‚euplo
205 2997 387 3077 prophetae,
408 2998 460 3077 qui
482 2979 594 3074 gaudio
615 3001 773 3063 exsultans
794 2999 823 3061 in
845 3000 953 3080 spiritu

85 3103 166 3168 lece
189 3105 283 3167 verba
303 3088 441 3181 erumpit

83 3284 212 3361 epulus
240 3280 521 3355 ambulantium
559 3262 813 3367 intenebris,
854 3295 954 3358 vidit
1027 3321 1030 3325 ·

265 3464 268 3469 ,
295 3400 417 3460 lucem
439 3413 612 3476 magnam
632 3405 691 3460 ete.

117 3523 175 3585 llic
188 3531 289 3588 tentus
302 3527 396 3587 nane
415 3527 530 3604 petitus
549 3534 598 3588 est
619 3540 675 3604 per
693 3534 842 3601 satanam,
863 3543 954 3606 prae·

83 3627 141 3690 tim
173 3648 190 3693 a
219 3630 354 3694 iudaeis.
395 3630 458 3693 Nec
485 3646 546 3693 uno
573 3632 776 3696 modoetiam
799 3622 953 3697 anostrle

83 3733 199 3811 positus
214 3745 269 3800 est
312 3737 418 3799 Denda
439 3743 489 3800 est
508 3752 583 3816 erro
603 3752 707 3817 opere,
727 3750 762 3803 ut
782 3739 952 3804 habeamur

83 3835 303 3898 mesappus..
320 3838 463 3910 toturn.
686 3833 744 3906 'zu
