2258 4170
630 380 634 415 i

152 442 156 449 ’
261 443 673 618 'nunant-‘non'
692 496 740 608 n.
762 466 845 602 n
916 548 918 554 -
1031 472 1033 476 '

143 793 153 802 .
189 679 370 776 Laudemus
392 715 489 777 Deum
508 722 541 777 et
563 706 733 778 Dominum·
750 722 888 777 nostrum
909 712 1015 785 Jesunr

103 819 275 892 christum,
295 820 368 882 dum
389 822 461 885 iicet
480 829 510 883 et
530 829 651 900 tempus
671 820 822 883 hahemus
845 836 881 881 ac
902 834 1016 896 possu·
1102 815 1106 829 “

104 943 183 988 mus.
226 925 357 988 Mundus
387 928 465 988 eninr
496 929 585 1005 pinne
607 927 788 991 contrarium
810 925 881 986 iacit
902 910 1016 1001 pienis-
1110 1002 1114 1010 ι

103 1033 202 1094 simus
230 1025 431 1108 blasphemiis
453 1040 483 1095 et
503 1029 699 1097 horribilibus
732 1031 888 1094 scandatis
922 1036 1017 1104 atque

102 1138 358 1215 abnegationibus
380 1138 544 1200 salvatoris
566 1130 675 1225 nostri,
693 1140 738 1215 'ita
760 1146 793 1198 ut
815 1135 954 1198 christus
977 1134 1018 1199 sit
1058 1146 1061 1151 ’

103 1242 410 1305 scandslosissinrum
433 1235 504 1304 urei
526 1253 648 1306 nostrae
670 1227 837 1320 obiectum
873 1241 1015 1311 idoneor
1056 1218 1063 1235 ⁸

101 1358 133 1410 et
156 1357 257 1411 manet
283 1351 313 1411 in
341 1350 574 1412 abscondita'et
596 1350 722 1411 deformi
753 1349 858 1426 specie
880 1363 951 1419 sua,
982 1353 1016 1408 ut
1055 1335 1073 1386 t·

101 1456 201 1533 inquit
238 1453 399 1534 propheta.
449 1447 538 1518 Fides
572 1457 664 1532 igitur
696 1455 825 1517 assirius
855 1469 1014 1516 sacrarum

102 1563 254 1625 literarum
287 1563 465 1625 tractatione
496 1569 527 1624 et
559 1563 610 1638 pia
638 1561 833 1623 meditatione
856 1558 964 1620 alenda
986 1565 1016 1619 et
1067 1620 1070 1627 ,

102 1666 310 1729 confirmanda
344 1676 404 1739 est,
446 1675 479 1729 ut
510 1665 581 1730 iliud
615 1665 774 1728 brachium
801 1664 920 1727 Domini
941 1652 1015 1729 'non

103 1774 277 1835 amittamus
293 1790 350 1835 nec
364 1773 552 1845 descramus,
574 1774 645 1849 quia
666 1771 777 1850 inipso
793 1761 899 1832 ¹omnis
909 1776 1029 1842 nostrai

103 1880 187 1940 satus
210 1878 312 1956 posita
334 1886 390 1943 est.
425 1877 605 1941 curantem
628 1879 712 1956 Papa
727 1878 842 1939 Turcae
864 1886 894 1938 et
907 1874 1014 1937 Judaei
1039 1864 1042 1873 ’

103 2000 160 2048 non
196 1971 377 2045 credant'in
400 1983 570 2056 Christum,
605 1986 635 2046 id
662 1985 870 2061 relinquamus
901 1978 1012 2043 arcano

104 2090 230 2150 consitio
253 2088 321 2171 Dei.
344 2105 498 2161 noscero
517 2106 560 2177 ex
581 2076 643 2175 toto
664 2097 789 2171 pectore
812 2088 876 2179 Deo
898 2087 1012 2165 gratias
1097 2092 1099 2097 ⁴

104 2178 247 2269 agamus,
280 2193 364 2269 quod
391 2211 448 2256 nos
478 2180 601 2256 vocavit
622 2195 660 2255 ad
682 2193 762 2254 hanc
782 2195 880 2254 lucem
903 2181 1030 2255 verita-'

103 2297 139 2358 tis
163 2304 192 2359 et
214 2299 398 2376 evangelia
792 2370 800 2388 x
919 2372 927 2383 Ι
1033 2304 1036 2313 “

185 2380 331 2464 Constitui
354 2410 455 2465 autem
478 2388 870 2481 caputquinquag'esimum
893 2402 1013 2463 tertium
1089 2381 1095 2459 .’

101 2506 161 2569 hoc
184 2514 321 2583 tempore
344 2516 482 2581 tractare,
504 2525 573 2570 eum
596 2509 636 2570 sit
657 2510 822 2586 praecipue
836 2507 1015 2584 deputatum

101 2612 239 2683 adhoc,
261 2621 301 2695 ,ut
318 2615 498 2687 recolamus¹
512 2616 689 2692 passionem
709 2612 1015 2687 etreaurractionem
1072 2676 1076 2693 ,

99 2718 213 2780 Christi
235 2736 271 2779 ac
292 2719 319 2781 ei
342 2719 456 2794 gratias
479 2735 608 2796 agamus
630 2735 685 2796 pro
705 2717 896 2791 inenarrabili
914 2718 1013 2796 ipsius

96 2825 193 2885 douo.
238 2825 320 2886 Satis
341 2825 449 2886 mirum
472 2825 633 2904 estquod
654 2824 764 2887 Esaias
784 2823 928 2886 habuerit
950 2830 1015 2884 tau-

98 2938 163 2991 tum
187 2929 275 3002 tucis,
297 2929 443 3008 quodque
464 2939 525 2992 tam
548 2932 662 2992 diserte
684 2947 721 2992 ac
741 2926 862 3010 proprie
883 2926 1015 3006 potuerit

97 3036 227 3110 pingere
249 3050 286 3095 ac
308 3035 406 3112 magis
429 3037 551 3113 proprie
573 3037 662 3097 etiarn
685 3053 777 3114 quum
799 3034 1014 3111 Evangelistae
1066 3098 1073 3107 ,

97 3138 248 3217 mysteria
276 3140 314 3223 de
336 3139 472 3213 Christo,
499 3148 630 3218 excepto
661 3159 720 3202 uno
743 3143 852 3212 Paulo,
886 3141 939 3219 qui
966 3147 1014 3203 est

96 3261 248 3322 organum
279 3247 416 3308 eiectum.
466 3248 551 3308 Alias
579 3248 641 3307 iere
677 3253 740 3308 tota
771 3248 923 3324 scriptura
955 3263 1015 3309 non
1063 3250 1065 3257 '

96 3349 193 3411 habet
214 3352 314 3412 locum
336 3351 465 3412 similem
488 3350 560 3414 huic
581 3350 837 3431 quinquagesimo
850 3353 938 3414 tertio
962 3368 1014 3413 ca·
1043 3420 1046 3428 ,

96 3455 162 3532 piti.
201 3455 312 3517 Esaias
334 3464 425 3518 vocat
446 3456 591 3521 Messium
614 3458 695 3519 ilium
717 3458 1022 3540 gioriaeitominum„
1060 3444 1063 3449 ’

96 3559 258 3622 brachium
281 3548 397 3622 Domini
405 3602 419 3633 ‚·
443 3561 572 3638 Regem,
610 3562 820 3635 sacerdotem,
851 3570 881 3625 et
913 3550 1018 3625 tamcfr'
1069 3548 1079 3555 ’

95 3664 316 3741 miserrimum,
349 3664 588 3743 abjectissimum
610 3666 779 3737 hominem,
806 3685 869 3748 quo
888 3668 1013 3730 nonsit
1042 3746 1045 3751 Ι
