2258 4170
586 106 589 111 .
642 108 651 119 ,
964 70 977 116 Ι
1015 91 1016 94 ’
1054 100 1067 112 ·.
1107 85 1110 91 ’

467 183 534 271 cap.
555 175 584 242 9.
609 152 716 242 esaias.
988 142 1049 240 tlt
1093 164 1094 171 ‘

133 366 216 421 recte
250 376 318 422 cum
343 354 540 439 grammatica
578 360 816 441 consentientem
851 358 1047 421 sententiam.
1113 332 1119 350 ⁸

134 465 234 539 Quare
256 483 329 543 ergo
351 482 412 528 non
427 467 591 533 admodum
605 483 707 545 moror
720 465 955 543 superstitiones
969 465 1046 526 istas
1088 478 1110 502 ‘-

134 573 359 654 grammaticas
382 589 567 652 quamquam
579 588 634 651 pro
648 573 736 634 nobis
759 578 820 633 stat
841 570 1046 662 grammatica,
1087 553 1089 582 ³

134 676 268 738 sirecte
298 684 468 756 punctetur.
509 679 546 740 Et
566 678 674 750 ludaei
703 677 763 754 ipsi
791 677 936 748 latentur,
957 664 1049 737 sicut

133 797 231 858 saepe
253 783 332 862 Lyra
354 784 439 856 dicit,
462 785 521 846 sibi
542 801 602 847 non
624 784 715 869 licere
736 742 894 844 disced¹ere
916 780 1049 863 abital·

134 887 225 949 daiea
247 889 499 966 interpretatione
628 880 631 888 ¹
664 896 681 957 j
1002 943 1005 952 Δ

219 992 483 1059 Consentientibus
523 1011 596 1072 ergo
628 1010 708 1055 nunc
728 993 808 1054 LXX
825 999 866 1070 et
893 991 1049 1053 Chaldaeo

111 1104 114 1109 ’
133 1099 298 1174 interprete
319 1103 496 1176 nobiscum,
529 1101 611 1183 quod
643 1107 744 1162 textos
765 1098 815 1161 hic
835 1097 1048 1174 intelligendus

133 1203 175 1263 sit
198 1203 237 1265 de
258 1204 387 1277 Messio,
420 1215 451 1268 et
476 1206 559 1284 qnod
589 1206 666 1267 haec
688 1206 810 1266 uomina
832 1206 892 1267 sint
913 1203 1048 1265 Messias
1109 1241 1114 1245 -

134 1289 267 1380 nomina,
288 1327 347 1372 non
370 1319 425 1382 est,
448 1313 531 1388 quod
547 1312 585 1372 de
604 1313 723 1388 punctis
744 1311 774 1371 in
796 1311 865 1371 boc·
879 1292 937 1366 uno
953 1305 1049 1366 verbo

135 1414 234 1490 simus
257 1412 347 1482 anxie
369 1417 495 1478 solliciti.
541 1417 622 1478 Satis
644 1417 683 1478 sit
703 1417 732 1478 id
755 1416 854 1487 nobis,
876 1406 958 1491 quod
981 1411 1050 1488 ipse
1118 1490 1122 1501 Ι

95 1549 101 1560 =
135 1519 314 1583 Chaldaeus
337 1523 486 1600 interpres
507 1530 538 1584 et
556 1522 637 1585 LXX
658 1506 819 1585 nobiscum
842 1520 981 1588 sentiunt

219 1625 304 1701 Quae
322 1610 603 1707 'sequuntur-ergo,
625 1616 852 1720 suntnomina,
874 1639 956 1703 quae
979 1637 1050 1700 pro·
1088 1696 1096 1713 b

134 1731 199 1808 pris
227 1733 408 1795 'tribuuntur
434 1734 581 1808 Messian,
618 1744 735 1814 neque
753 1735 832 1795 valet
862 1730 1047 1793 ludaeorum

134 1832 303 1914 cavillatio,
325 1838 456 1919 quibas
479 1840 699 1925 appellationes
721 1839 772 1901 hic
792 1839 897 1900 dieunt
918 1839 958 1904 de
978 1826 1047 1912 ip‘so

134 1943 200 2005 Deo
234 1940 395 2027 (honest,
432 1936 637 2023 patret‘dici.
682 1945 735 2008 list
768 1946 846 2006 eninr
884 1941 983 2020 figura
1015 1944 1068 1999 ct=

83 2126 88 2138 s
133 2050 325 2113 consuetudo
357 2050 516 2128 loquendi,
552 2051 686 2123 tribuere,
720 2046 841 2113 nomina
879 2045 968 2108 alicui
1007 2043 1047 2103 ab
1073 2057 1101 2113 ,·

135 2152 244 2216 oliiciis
265 2171 322 2216 seu
343 2154 513 2242 effectibus,
533 2157 652 2241 etiamsi
672 2131 816 2239 nonsunt
837 2152 959 2232 proptia
980 2143 1073 2227 per-‘-

135 2247 245 2332 sonae
267 2262 346 2328 sicut
367 2263 554 2336 grammatici
577 2242 687 2325 vocant
708 2262 841 2340 propria.
1091 2251 1095 2261 ⁸

458 2357 736 2430 rtdmirabilis.=

217 2464 293 2531 Sunt
313 2478 415 2537 autem
435 2489 493 2535 sex
515 2460 658 2536 distincta
678 2474 815 2544 nomina,
836 2486 917 2549 quae
939 2485 1046 2547 quam·

137 2574 187 2636 vis
210 2591 228 2634 a
251 2591 299 2647 me
323 2592 378 2653 pro
400 2580 546 2640 concione
568 2581 659 2657 paulo
681 2584 889 2641 antetractata
910 2575 980 2646 sint,
1002 2580 1048 2632 ta-

134 2696 204 2740 men
228 2697 326 2758 pauca
356 2691 386 2746 et
417 2683 468 2745 hie
500 2684 608 2746 dicam.
650 2683 780 2746 Primum
804 2658 923 2769 unomen
955 2680 1059 2741 istius·

134 2793 220 2868 pueri
243 2809 299 2854 sen
322 2794 449 2857 infantis
464 2797 554 2858 nobis
576 2780 732 2859 natidicit
753 2813 826 2859 esse
845 2749 975 2873 Quid
989 2792 1046 2862 e'sl,
1088 2779 1106 2875 ,¹

132 2897 339 2960 Admirabilis.
384 2901 457 2975 Quis
479 2909 580 2963 autem
612 2920 667 2980 pro
697 2903 842 2978 dignitate
871 2908 971 2978 potest
992 2914 1045 2959 ex··

89 3061 93 3064 .
131 3003 247 3079 plicare
282 3022 432 3067 summam
468 3006 561 3084 hujus
598 3002 737 3088 vocabuli
766 2988 970 3084 majestatem?
1012 3004 1044 3064 ln

89 3130 94 3138 ¹
132 3109 278 3170 omnibus
299 3119 329 3171 et
352 3128 405 3188 per
426 3115 529 3176 omnia
549 3121 596 3177 est
619 3110 814 3177 admirabilis.
857 3112 933 3188 Quid
955 3109 1045 3170 mira·
1093 3093 1096 3096 ⁵

130 3213 235 3286 bilius,
257 3219 454 3295 qunm'qund
471 3220 552 3281 Deus
574 3220 717 3280 ethome
739 3236 799 3289 una
821 3217 953 3295 persona
975 3215 1044 3276 esti

130 3319 216 3395 quod
239 3321 292 3381 Dei
315 3323 479 3398 etlllariao
502 3341 581 3387 unus
603 3322 683 3386 fliius
704 3326 776 3385 esti.
810 3311 893 3400 Quis
908 3336 1042 3398 unquam

130 3431 162 3483 et
184 3426 215 3484 in
237 3434 391 3512 aeternum
409 3416 650 3505 'comprehendet
661 3429 721 3490 hoc
733 3428 932 3508 mysterium?
961 3424 1042 3504 quod
1082 3465 1084 3471 -

133 3529 216 3590 Deus
252 3539 299 3593 est
330 3532 437 3605 homo,
478 3535 560 3610 quod
593 3543 729 3596 ereatura
762 3545 809 3596 est
846 3526 977 3604 crocini,
1014 3537 1045 3590 et

130 3642 252 3697 creator
265 3622 446 3711 'creaturali'
472 3639 537 3701 Hoc
559 3626 735 3718 mysterium
767 3640 998 3702 admirabimur
1013 3641 1042 3700 in

130 3747 302 3815 aeternum,
334 3751 406 3833 post
433 3742 514 3812 hane
539 3746 632 3808 etiam
662 3747 765 3810 vitam.
806 3746 869 3826 Ipsi
890 3749 988 3824 angeli
1011 3749 1041 3810 in
