2258 4170
388 168 392 187 '
532 171 642 232 Esaiae.
979 162 1021 232 93
1104 247 1110 267 ι

108 347 256 426 lclligitur'.
299 348 443 412 Goniatai
461 352 621 425 „clamores
653 348 832 413 afflictorum
860 347 1022 411 notissimo
1055 394 1059 403 .
1116 376 1118 381 v

100 455 251 533 exemplo.
279 456 393 518 Sexus
415 457 495 519 enim
519 451 720 532 muliebris*)
750 462 858 516 natura
888 461 937 515 esi
964 453 1020 514 mi·
1035 476 1038 495 ·

57 604 60 645 ¹
103 559 243 634 sericors,
265 562 340 639 quia
362 563 401 624 ad
414 561 653 624 misericordium
676 566 707 622 ei
728 561 766 622 ad
789 560 965 623 lucendum
973 562 1023 621 cel

57 650 68 825 ι
109 671 201 728 natus.
237 647 467 730 UndeHebraei
491 666 582 729 eliam
604 667 760 728 mulierem
784 673 897 729 vocari
917 683 936 727 a
957 682 1022 752 ma·

106 772 172 833 irica
192 776 253 834 scd
274 780 379 846 ulerc,
408 774 491 853 quod
513 773 554 835 ad
574 773 738 848 luvcudum
761 774 801 836 sit
821 773 915 845 lacia,
943 772 1024 834 sicut

57 828 66 971 Ι
106 877 147 938 vir
165 876 206 938 ad
230 877 466 942 defendendum.
506 879 626 941 Nullum
645 878 736 966 igitur
757 880 868 940 animal
889 878 1024 973 asllple·

57 982 64 1049 ἰ
104 984 169 1045 rius
201 984 432 1067 misericordia,
469 986 561 1060 quam
596 976 719 1057 mulier,
758 985 937 1062 pracsertim
973 1000 1023 1046 ra·

103 1090 285 1171 succensui
320 1089 451 1151 inlanlis.
493 1090 564 1154 Inda
599 1097 766 1154 maternum
795 1107 847 1152 cor
862 1087 919 1169 ‘'l)
938 1085 1024 1167 'prc-

104 1193 209 1256 verbio
232 1195 362 1258 dicimus
386 1196 642 1283 proamicissimo
665 1204 695 1257 ei
716 1196 903 1258 suavissimo
919 1194 1022 1259 corde.

102 1299 288 1362 chsolatur
307 1302 400 1378 igilur
418 1318 477 1364 nos
506 1320 524 1364 a
553 1303 643 1365 simili
673 1302 799 1380 spiritus
827 1301 857 1363 S.
880 1308 911 1363 ct
927 1298 1022 1378 jubet,

102 1412 134 1468 ιιι
152 1387 356 1485 inspiciamus
378 1413 521 1494 mairem,
550 1420 637 1488 quac*
652 1406 746 1493 habel
767 1407 879 1482 fillum,
914 1422 1022 1485 quem·
1049 1414 1051 1419 '
1090 1454 1093 1459 -

103 1511 368 1577 admodum‘illam
390 1521 498 1576 natura
517 1531 579 1577 non
601 1514 674 1576 sinii
696 1513 837 1576 oblivisci
859 1520 911 1576 aut
931 1512 1024 1577 desc·

103 1634 168 1680 rare
190 1616 296 1691 filium,
318 1617 360 1679 ita
383 1633 484 1698 neque
505 1635 563 1697 ego
585 1621 628 1684 lui
650 1604 796 1707 oblivisci¹
812 1603 952 1698 possum.

182 1723 241 1786 Hic
262 1725 341 1787 ratio
369 1725 594 1789 similitudinem
624 1727 746 1805 quidem
775 1710 932 1804 ignoscit,
967 1725 1022 1789 sed
1071 1734 1078 1739 ’

57 1890 62 1903 ,
108 1845 164 1891 reu
187 1830 282 1892 credit
304 1847 341 1893 se
361 1848 434 1895 esse
454 1833 584 1905 loeium,
614 1848 715 1910 neque
745 1833 861 1911 portari
881 1849 932 1907 se,
966 1831 1023 1894 sad
1063 1852 1065 1857 ¹

110 1934 195 2010 abjici
216 1942 248 1997 et
269 1937 430 2000 crudeliter
447 1937 556 2015 iactari
579 1940 680 2003 sentit.
716 1929 779 2001 'Hic
800 1940 913 2002 nullum
939 1937 1020 2001 allud

110 2042 265 2105 consilium
286 2050 344 2116 esi,
367 2058 458 2121 quum
481 2053 514 2106 ιιι
535 2046 673 2109 exclusis
699 2043 841 2108 omnibus
867 2043 1021 2118 sensibus,

111 2146 139 2207 in
158 2148 259 2210 solum
281 2148 409 2211 verbum
431 2159 461 2213 te
481 2149 612 2227 rejicias,
635 2159 666 2212 ei
686 2144 816 2229 simplici
836 2150 898 2213 fida
918 2158 1024 2214 contra

113 2268 231 2314 sarsum
253 2262 286 2316 et
306 2271 395 2336 spem
417 2240 535 2349 cre'das,
557 2257 603 2320 sic
624 2273 705 2331 csse,
727 2258 807 2320 sicul
828 2248 955 2319 verbum
976 2257 1022 2318 di·

114 2360 157 2421 cit.
183 2359 337 2439 Quidquid
359 2363 440 2424 enim
462 2371 548 2425 extra
564 2362 691 2425 verbum
713 2369 769 2434 esi,
790 2362 866 2425 nihil
885 2371 941 2434 esi,
962 2364 1022 2426 uisi
1092 2376 1097 2386 “

57 2518 59 2525 ,
111 2465 257 2527 uibulatio
280 2473 310 2527 cl
332 2464 468 2532 afflictio
502 2469 554 2530 Sic
575 2467 738 2531 noshodia
762 2470 844 2531 varic
866 2486 1021 2544 vexamur,

57 2554 59 2621 ζ
112 2570 236 2648 primum
259 2589 278 2632 a
300 2573 453 2651 tyrannis,
485 2574 537 2650 qui
556 2573 800 2653 gladiosaqua,
829 2576 1022 2653 aligrinus

107 2685 342 2759 persequuntur,
363 2679 473 2740 deiude
495 2682 679 2744 cacciariis.
707 2682 771 2743 Huc
793 2681 918 2754 accedit,
941 2682 1023 2760 quod

107 2799 218 2871 nomen
244 2793 382 2846 nosimm
406 2786 435 2846 in
449 2801 582 2863 summa
604 2787 685 2863 apud
714 2802 821 2848 omues
848 2787 963 2848 invidia
994 2796 1024 2849 et

105 2889 176 2950 edio
211 2898 275 2963 est,
309 2898 340 2952 et
367 2898 456 2951 satan
484 2893 624 2969 privatim
651 2908 900 2971 unumquemque
928 2899 1022 2955 teniat

103 2996 277 3071 pavoribus
299 2997 505 3058 conscientiae
531 3005 562 3059 cl
589 2999 651 3059 irae
673 2999 804 3062 divinae
846 2976 1022 3062 s'ecundum
1050 3050 1053 3059 .

100 3099 264 3176 judicium
272 3102 366 3178 igilur
386 3103 486 3165 camis
508 3103 683 3180 simpliciter
704 3102 848 3181 perimus

185 3205 252 3267 Nisi
272 3223 348 3284 crgo
353 3186 548 3285 superemus
568 3208 629 3271 hos
642 3225 763 3283 seusus,
785 3218 817 3272 et
837 3210 1023 3273 haereamus
1096 3210 1098 3215 ’

101 3310 379 3377 inardescam*
380 3312 421 3390 ),
444 3314 613 3389 credentes,
636 3316 1024 3396 quoduonreliqucritnos
1065 3378 1068 3385 ,

69 3443 73 3459 ·
101 3415 197 3489 Deus,
220 3418 278 3478 sed
299 3420 341 3480 sit
361 3419 563 3482 blandissima
583 3428 694 3505 maier,
699 3423 823 3497 lovers
845 3430 876 3485 el
897 3431 1024 3499 portans

101 3539 172 3595 nos,
195 3530 299 3585 actum
329 3525 368 3587 de
397 3526 487 3590 nobis
515 3535 572 3589 esi
614 3525 720 3606 Neque
750 3529 831 3590 enim
851 3529 921 3591 ideo
943 3528 1055 3591 dedil-

162 3668 303 3743 ὓδωρ
325 3670 494 3726 rrrrrllalrris.¹
523 3671 572 3740 ”)
598 3671 744 3728 litterarum
772 3651 827 3729 cer.
874 3673 941 3743 ⁰⁸⁸)
966 3673 1023 3727 uon

99 3765 200 3815 rennui
215 3765 280 3831 ,sed
298 3765 380 3817 mdo
396 3765 566 3823 uadendum.
