2258 4170
458 146 460 151 V
556 132 665 241 basiae.
763 202 766 207 ·
931 146 944 251 s
1009 170 1106 239 ,ll'

183 364 229 423 im
245 370 400 440 tempore,
423 377 492 435 anm
515 377 617 447 essem
639 346 702 433 ibi,l
717 359 843 430 fiebant,
864 356 894 418 id
916 358 1065 430 osteum

176 486 284 530 nerem
307 476 338 530 et
359 468 569 547 praedicerem
591 465 671 528 haee
692 465 731 526 de
752 463 841 542 Cyro,
862 463 976 524 fiebant
996 462 1065 524 lide.

170 591 241 645 une,
256 583 357 637 aulem
380 575 529 638 Dominus
552 574 635 635 Deus
667 571 749 634 misit
770 586 834 640 me,
867 576 897 630 et
925 567 1064 646 spiritum

163 681 232 757 :jus‚=
245 680 276 742 id
296 687 354 752 est,
376 698 456 743 nuno
470 661 548 742 'eum
569 680 710 755 impletur
730 674 891 755 prophetia
913 689 991 746 mea,
1014 690 1065 736 va·

156 789 198 848 nio
220 787 337 864 spiritu.
985 796 987 803 ·
1087 861 1091 872 Ι

234 892 355 954 Similes
377 890 436 951 loci
458 888 581 950 suntin
604 881 909 963 morbescunt:
939 885 1067 947 Sustulit

154 999 255 1060 mein
288 996 413 1075 spiritu,
449 1003 479 1055 et
513 993 542 1054 in
564 991 820 1072 Apoealypsi:*)
844 993 964 1069 Raptus
996 1005 1065 1052 sum

156 1105 273 1182 spiritu,
317 1103 389 1164 item
429 1100 510 1178 apud
549 1097 677 1189 Lucam:
727 1098 896 1161 Anteaedet
935 1114 1003 1160 eum
1037 1100 1065 1159 in

154 1208 255 1287 spiritu
266 1205 311 1285 *’)
344 1206 437 1269 Eliae.
480 1205 531 1267 Sin
552 1204 661 1267 Esaias
690 1205 787 1281 primo
817 1203 845 1264 in
869 1202 963 1265 Babel
984 1203 1066 1265 venit

156 1332 206 1393 per
225 1313 466 1392 promissiones,
488 1312 558 1373 lieet
579 1318 664 1373 esset
686 1309 715 1372 in
738 1309 864 1387 Judaea,
886 1310 964 1371 siaul
986 1308 1064 1370 Pau-

153 1422 197 1482 lus
232 1414 403 1502 dinit,***)
438 1435 473 1480 se
506 1418 614 1501 spiritu
646 1417 763 1479 Romae
799 1432 880 1479 esse.
924 1413 1080 1509 Secundo¹

152 1526 254 1604 spiritu
271 1525 353 1585 venit
375 1526 404 1585 in
420 1514 524 1596 Babsl,
546 1540 617 1585 oum
630 1502 826 1600 implerentur
842 1521 1065 1600 promissiones

150 1632 222 1692 illae.
251 1632 340 1693 Valet
360 1639 463 1693 autem
497 1629 548 1695 bie
568 1630 656 1692 loeus
677 1631 717 1691 ad
752 1628 977 1692 confirmandos
1012 1627 1064 1690 Ju-
1117 1700 1123 1723 Ι

149 1737 252 1808 daeos,
274 1741 307 1797 ut
327 1718 455 1798 erodant
473 1709 745 1813 promissionibus,
765 1751 845 1814 quas
867 1741 952 1797 lanta
973 1735 1063 1797 nerti-

105 1833 118 1927 ᾗ
150 1842 253 1904 tudine
276 1840 457 1920 prophetam
480 1840 672 1919 praedixisse
695 1841 806 1903 vident.
910 1854 913 1863 ·

177 2029 259 2108 Ego
281 1992 471 2092 [lominus
493 2018 599 2093 Deus
618 2037 706 2092 tuus
729 2030 878 2093 doeens
899 2029 1024 2092 utilia.

224 2159 374 2237 Loquitur
400 2158 438 2220 ad
468 2116 615 2236 popinam
643 2158 768 2230 diversa
789 2176 808 2220 a
829 2160 923 2221 verbo
950 2160 1064 2221 iacien-

127 2274 213 2329 tem.
249 2264 364 2328 Omnes
386 2265 463 2327 alias
486 2264 553 2326 vias
575 2264 752 2329 strutiones
774 2264 920 2327 liberandi
941 2267 1065 2344 quaeris

73 2448 74 2452 Ἰ
144 2377 266 2448 praeter
287 2387 346 2443 roe,
369 2387 438 2433 oum
460 2379 560 2432 lamen
583 2388 691 2434 omnes
713 2372 774 2433 siut
789 2375 919 2448 prorsus
940 2371 1062 2436 inutiles
1106 2355 1113 2364 ’

143 2484 174 2539 et
194 2476 324 2553 impiae,
340 2477 426 2555 -quia
450 2484 521 2539 sunt
542 2477 609 2539 sine
630 2476 705 2549 ilde,
726 2484 757 2538 et
778 2477 845 2539 sine
868 2478 972 2549 verbo,
994 2494 1013 2541 a
1034 2485 1063 2539 te

146 2584 269 2645 electae.
312 2581 394 2644 Audi
421 2582 511 2658 igitur
540 2582 590 2659 (tu
620 2570 673 2660 qui
706 2585 736 2644 in
763 2582 922 2662 Babylone
955 2591 1065 2660 eaptus

149 2688 201 2764 es)
226 2685 409 2766 prophetias
429 2704 536 2760 meas,
568 2697 598 2751 et
627 2681 688 2749 noli
712 2705 730 2749 a
752 2705 801 2750 me
822 2689 941 2759 divelli,
973 2690 1063 2751 etad

146 2793 222 2855 alios
245 2793 323 2855 deos
339 2792 478 2866 definere,
500 2793 563 2855 noli
584 2794 673 2872 sequi
686 2800 738 2855 tua
760 2793 870 2856 studia.
898 2794 1064 2871 Ego'enim

149 2899 230 2962 Deus
264 2906 296 2960 et
316 2898 492 2976 redemptor
512 2907 584 2961 tuus
606 2916 693 2973 sum,
725 2901 777 2976 qui
800 2906 829 2960 te
850 2898 934 2961 utilia
956 2901 1064 2964 doceo.

73 3040 74 3056 ,
148 3003 218 3081 llige
229 3004 323 3080 igitur
345 3005 454 3082 pedem
475 3004 505 3064 in
518 3006 612 3067 verbo
634 3021 713 3078 meo,
734 3014 764 3067 et
785 3022 937 3084 nusquam
960 3007 1057 3084 alibi]

148 3109 208 3170 Sed
231 3108 307 3187 quid
328 3109 383 3171 iili
406 3110 435 3171 in
459 3112 623 3172 tentatione
645 3111 767 3189 quidvis
789 3113 892 3188 potius
914 3114 1064 3186 audimus,

151 3230 245 3292 quam
268 3215 354 3292 quod
375 3215 567 3277 debebamus
589 3216 710 3287 audire,
739 3216 784 3277 sie
805 3216 834 3276 in
856 3220 992 3294 pennatis
1014 3237 1065 3282 se·

149 3320 274 3398 quimur
307 3336 433 3383 sensnm
472 3329 608 3384 nostrum
631 3328 662 3382 et
694 3337 734 3382 ex
761 3338 857 3383 sensu
883 3322 1067 3404 judicamus,

148 3434 337 3503 exspectare
359 3433 461 3489 autem
483 3435 514 3490 et
534 3427 686 3515 sustinere
706 3427 856 3490 nolumus.
888 3429 1069 3510 Emphatioa

144 3537 221 3602 suut
241 3528 295 3592 illa
317 3530 465 3596 Dominus
482 3530 565 3595 Deus
586 3537 668 3607 tuus,
687 3532 777 3610 quasi
791 3533 885 3597 dicat:
913 3555 971 3602 non
996 3559 1064 3605 sum

216 3773 248 3841 *J
263 3774 374 3853 apocal.
394 3774 421 3830 2.
461 3775 512 3850 ⁶⁶)
528 3777 618 3840 luera
637 3782 662 3841 1.
690 3783 759 3858 Μ)
780 3782 859 3845 uon.
876 3786 901 3847 i.
