2258 4170
354 230 360 239 ·
470 192 577 250 lissiae.
848 216 851 227 ·
949 188 1004 252 131
1120 258 1126 277 ἱ

100 372 254 427 aeternnm
274 367 425 427 meruisse
447 363 522 447 etc}
552 367 656 445 Caput,
678 370 760 445 quod
779 367 841 443 jorn
863 342 1008 446 sequitur,

103 472 223 535 nodum
245 472 460 549 redemptionis
482 472 654 551 describit].

312 717 398 801 Cupnt
419 718 664 803 quinquagesinum
683 718 801 783 terdon.

135 893 195 967 [Co
215 891 365 953 Christi
387 860 577 969 passione
599 899 635 952 et
656 894 968 967 glorificatione.
1025 870 1028 881 ⁸

181 1042 331 1104 Hactenus
361 1042 523 1119 descripsit
556 1041 704 1118 propheto
737 1040 847 1103 Christi
882 1053 1006 1117 regnum

108 1148 266 1220 subcruoe,
287 1157 317 1207 et
338 1150 448 1208 inuitas
470 1147 852 1222 ecmngniticnsecctesiae
874 1156 902 1207 et
920 1165 1008 1209 sone·
1112 1190 1116 1197 -

107 1260 196 1313 torum
230 1254 454 1335 consolationes
488 1252 610 1313 addidit.
652 1252 684 1311 in
707 1252 766 1312 huc
788 1262 886 1313 sutem
909 1251 1008 1330 capite

64 1372 69 1390 ·
104 1352 303 1435 principaiiter
325 1358 363 1417 de
387 1358 455 1433 ipso
478 1357 682 1433 capiteregni
705 1365 734 1415 et
756 1358 889 1435 principe
911 1360 1008 1418 ecete-

103 1460 166 1523 siee
200 1461 277 1539 ogit,
312 1461 350 1522 de
382 1459 501 1521 Christo
516 1458 563 1535 *).
607 1460 641 1520 lit
663 1462 806 1521 describit
830 1464 919 1522 etiam
943 1479 1007 1527 nro·
1044 1532 1047 1543 Ι

101 1566 254 1645 ᾶιιω**),
292 1584 355 1645 quo
390 1566 507 1643 paravit
535 1566 769 1643 redemptionem
793 1584 925 1627 suorum.
957 1566 1008 1637 Est

100 1671 190 1747 igitur
214 1671 262 1733 vix
276 1673 355 1732 otius
377 1650 463 1731 iocus
485 1672 514 1730 in
537 1678 598 1730 toto
621 1671 769 1746 scripturo
786 1673 924 1749 opertior,
947 1680 1008 1731 torn
1094 1702 1097 1711 ·

89 1772 141 1836 'do
170 1776 315 1853 passione
338 1774 464 1845 Christi,
482 1784 556 1835 tum
584 1775 673 1843 etiarn
710 1775 748 1835 de
780 1777 1007 1841 resurrectione.

102 1880 200 1955 Quare
221 1882 309 1943 etium
332 1880 514 1941 ediscendus
530 1888 592 1940 eret
612 1880 649 1940 nd
663 1880 916 1941 confirmationem
939 1878 1008 1941 ddci

102 1992 224 2046 nostrae
253 1994 359 2047 contra
386 1984 535 2055 Judneos,
570 1985 621 2061 qni
648 1984 697 2043 itio
733 1987 831 2047 crucis
864 1984 1007 2045 scnndsio

105 2088 210 2151 odensi
227 2088 525 2152 nostrumeristum
549 2082 602 2164 p'ro
614 2088 726 2166 Messio
748 2107 807 2148 nnn
830 2096 1008 2165 agnoscunt.

105 2194 168 2255 Hoc
198 2195 272 2255 enirn
306 2196 409 2271 negari
442 2212 499 2254 non
536 2200 653 2269 potest,
687 2195 757 2269 quin
789 2194 937 2281 propheta
969 2194 1008 2256 de

109 2292 231 2360 Christo
244 2299 424 2361 scubiessin
446 2298 505 2358 hoc
527 2298 626 2374 cupite
649 2303 729 2373 agat,
750 2316 840 2375 quern
863 2300 934 2359 dicit
955 2317 1008 2361 su·

110 2402 232 2465 btimiter
250 2403 452 2475 excitandum,
475 2404 601 2464 etsirnut
619 2400 855 2464 humiliationem
867 2402 933 2480 ejus
956 2381 1015 2465 de·¹

112 2510 214 2573 scribit.
256 2508 320 2571 Non
343 2510 432 2591 igitur
454 2514 553 2584 potest
575 2507 695 2581 intettigi
719 2510 874 2584 corporeis
897 2506 1007 2569 Christi

112 2632 234 2691 regnum.
277 2614 508 2677 Observandum
531 2611 591 2673 hoc
611 2629 735 2688 quoque
757 2620 812 2683 cst,
833 2614 915 2690 quod
937 2612 1008 2675 dicit

57 2704 76 2797 ,⁸
112 2729 213 2797 operte,
236 2700 367 2781 biessioe
388 2712 512 2791 regitino
528 2718 779 2791 gloriosissimum
794 2719 888 2777 simut
902 2726 932 2779 et
954 2736 1006 2794 po·

57 2868 60 2883 .
111 2826 302 2887 tentissimum
327 2826 398 2893 iore.
421 2822 473 2885 scd
497 2802 566 2897 post
588 2821 654 2899 ejus
677 2831 810 2883 mortem.
839 2823 908 2883 inde
930 2823 1008 2882 enim

57 2982 60 3009 ;
109 2939 184 2992 certo
208 2930 364 3005 redigitur,
386 2925 494 2989 Christi
519 2924 726 3003 regnumm)
751 2944 809 2988 non
843 2928 1009 3003 corporate,
1071 2992 1083 3015 Γ

106 3037 180 3097 sicut
200 3034 307 3097 iudaei
331 3033 498 3097 somniant,
533 3032 586 3093 sed
616 3031 771 3108 spiritunte
793 3047 874 3107 esse.
917 3031 1008 3099 Porro

104 3140 256 3201 notuimus
277 3137 338 3198 hoc
361 3138 467 3213 cupite.
488 3137 557 3213 quio
583 3153 654 3211 prse
674 3136 798 3211 reliquis
820 3137 936 3211 insigne
951 3144 1008 3211 est,
1055 3180 1059 3188 .

102 3245 200 3323 magis
221 3243 400 3305 sententiam
422 3259 511 3319 quoru
536 3242 627 3301 uerba
649 3241 784 3313 reddere,
807 3258 873 3300 noro
899 3241 1006 3303 tatinus

101 3358 202 3412 textus
224 3347 317 3425 poulo
332 3356 387 3415 est
408 3347 573 3415 obscurior.

98 3521 309 3537 μ

152 3633 184 3697 ·)
203 3581 312 3683 Sourion
331 3625 393 3694 Cep.
414 3623 457 3678 ts.
512 3624 557 3688 **)
577 3582 666 3675 flodus
690 3622 875 3691 redemptionis
893 3632 1008 3677 nostrae.

99 3726 166 3793 m)
189 3723 288 3779 Christi
306 3735 415 3793 recount
435 3716 576 3789 spirituale.

750 3819 800 3887 9*
