2258 4170
38 152 82 215 ’Ῐ
172 160 234 228 384
294 206 297 213 -
492 168 634 245 Enarrabo
653 167 766 266 uberior

172 352 335 424 tutumque
367 343 425 409 sibi
456 343 509 413 his
542 345 659 409 ortibus
686 345 848 408 ecclesiam
871 352 911 407 et
928 298 1068 421 'politiam

171 454 256 529 leges
278 458 427 528 strages,
448 467 529 528 quos
550 452 599 513 sio
617 451 675 515 sibi
697 450 880 528 subjugavit,
900 449 1071 529 sicdemcr·

124 643 127 648 j
172 557 256 630 tavit,
278 557 323 618 sic
343 563 452 641 captos
471 530 574 630 ten'nit,
595 565 628 620 ut
649 557 721 618 huic
741 556 833 619 foedo
845 561 991 634 monstro,
1008 554 1072 618 luris

44 667 60 681 '
166 662 374 731 ,devastationi
403 676 459 724 seu
487 664 633 725 vastatori
660 680 696 724 ac
723 662 898 745 desolatori
915 661 957 724 ad
977 669 1071 727 nutum

74 791 78 794 ·
168 771 198 831 in
220 767 362 831 omuibus
383 784 491 849 parere
509 770 616 834 coacti
631 768 750 831 luerint.

182 928 187 936 .
249 874 307 951 Pro
330 875 490 954 autoritate
516 874 595 935 enim
626 875 676 935 illa
697 891 768 946 sua,
800 874 849 935 sic
871 873 970 951 inquit
989 889 1069 950 papa,

166 999 230 1044 uon
262 979 461 1056 dedignentur
486 980 571 1057 leges
600 981 704 1055 sequi.
720 996 827 1042 sacros
845 971 1008 1040 'canones
1046 979 1072 1055 Si

127 1105 129 1110 ¹
172 1087 318 1159 dixisset,
345 1085 412 1147 Nou
434 1084 632 1162 dedignentur
649 1085 737 1161 leges
759 1083 853 1162 sequi
879 1086 1008 1157 verbum
1029 1084 1074 1146 liei

170 1199 252 1257 recte
279 1197 309 1252 et
337 1192 386 1268 pia
407 1189 545 1251 dixisset.
588 1190 662 1252 Num
691 1184 776 1267 leges
808 1206 880 1251 oum
911 1189 1007 1251 verbo
1027 1190 1074 1252 Dei

172 1314 234 1377 nou
256 1295 481 1359 consentientes
499 1295 587 1372 juxta
614 1295 739 1377 uerbum
764 1294 921 1358 emendari
941 1296 1073 1373 oportuit

54 1401 60 1413 '
148 1403 232 1472 ,Sed
260 1403 374 1474 sacris,
410 1403 502 1463 immo
523 1400 696 1463 exsecratis
726 1402 784 1467 illis
806 1401 984 1464 (lenonibus
1016 1403 1072 1464 suis

169 1507 376 1589 pugnantibus
397 1523 467 1568 cum
489 1506 657 1579 verbovel
679 1521 734 1584 pro
755 1507 877 1570 libidine
896 1509 984 1584 leges
1006 1507 1073 1584 ipsis

52 1642 56 1658 =
108 1628 114 1642 ·
168 1615 260 1677 etiam
282 1611 466 1674 caesaribus
487 1612 561 1684 tulit,
573 1612 714 1683 ,breviter
734 1614 764 1675 in
782 1614 926 1676 omnibus
948 1620 981 1675 et
992 1629 1074 1709 super

102 1706 104 1712 ’
170 1721 283 1782 omnia.
297 1717 436 1795 regnavit
465 1733 502 1779 ac
528 1719 799 1799 mundanum'sibi
826 1720 990 1798 imperium
1012 1720 1074 1782 ren-

124 1808 130 1821 *
169 1826 296 1899 dicavit,
329 1832 359 1887 et
388 1825 426 1901 ad
462 1823 544 1885 hunc
579 1824 919 1890 modumborribiliter
944 1826 1075 1905 politiam

169 1932 310 1996 vastavit.
517 1996 523 2001 ,
897 1910 906 1922 ’
954 1991 959 1998 ,

251 2028 393 2103 Vastav'it
412 2043 443 2119 et
455 2034 673 2109 oeconomiam,
693 2036 838 2114 rapiendo
852 2037 933 2100 filios
945 2045 981 2150 et
995 2037 1075 2111 filias,

169 2143 337 2208 occidendo
358 2148 502 2224 parentes
523 2156 577 2218 per
604 2140 1031 2258 inobedientiamliberoprm
1050 2144 1074 2203 iu

169 2249 318 2314 coenobia
349 2264 421 2310 sese
448 2246 637 2316 abdemium,
666 2254 718 2308 aut
746 2250 938 2311 matrimonia
964 2256 1075 2312 contra-

132 2357 135 2363 ’
168 2355 303 2418 bantium
333 2355 407 2416 citra
433 2358 591 2431 parentum
604 2422 607 2429 ,
622 2356 746 2415 suorum
768 2259 990 2441 consensum&
1004 2370 1075 2431 quos

169 2467 344 2523 contractus
365 2475 448 2537 papa
462 2459 556 2520 voluit
577 2474 649 2519 esse
666 2466 763 2521 ratos.
790 2461 837 2520 dn
855 2476 916 2522 nou
940 2467 972 2521 et
988 2460 1076 2545 totius

169 2569 232 2628 iere
254 2565 336 2627 orbis
358 2564 572 2651 opesr'apuit,
606 2572 639 2625 ut
660 2580 748 2627 nemo
770 2565 870 2637 luerit,
903 2581 996 2643 quem
1022 2554 1076 2648 bau

95 2704 101 2714 ·
170 2671 315 2750 spoliarit,
338 2669 425 2747 cujus
446 2672 605 2732 facultates
627 2687 686 2732 non
708 2671 875 2743 attenuarit,
898 2686 1002 2761 aquo
1023 2686 1076 2732 non

170 2779 219 2838 vel
250 2776 456 2854 indulgentiis,
498 2778 547 2837 vel
575 2775 755 2853 privilegiis,
794 2778 842 2837 vel
872 2770 1093 2864 excommun-2

66 2912 70 2919 =
165 2884 321 2973 sationum
343 2883 434 2943 minis
456 2898 492 2942 ac
509 2881 683 2943 fulminibus
699 2881 828 2958 aliisque
851 2867 969 2944 artibus
992 2889 1078 2958 atque

50 3046 60 3065 χ
167 2989 345 3066 imposturis
366 2994 522 3066 argentum
544 2987 731 3059 emunxerit?
833 3037 836 3041 ,

253 3094 497 3173 propriissimum
520 3093 624 3171 itaque
646 3090 799 3171 epitheton
822 3092 938 3154 addidit
959 3093 987 3153 ei
1000 3091 1078 3153 Chri·

172 3207 249 3273 stus‚
270 3200 323 3262 ubi
351 3200 570 3263 desolationem
593 3215 649 3260 seu
670 3200 868 3260 vastationem
890 3205 992 3269 uocat,
1016 3214 1080 3259 oum

170 3305 297 3369 vastarit
330 3320 389 3368 non
421 3306 582 3368 ecclesiam
621 3311 749 3375 tanturn,
790 3304 845 3365 sed
883 3303 1021 3382 politiam
1055 3310 1081 3364 at

169 3413 378 3475 oeconomiam
408 3427 544 3491 quoque.
587 3409 863 3482 Vastavitautem,
892 3408 1029 3471 contudit
1049 3423 1083 3469 ac

160 3518 291 3581 miscuit
319 3519 365 3580 sic
383 3519 499 3588 omni-o,
530 3523 563 3578 ut
585 3533 694 3604 magno
716 3517 839 3593 negotio
861 3515 913 3577 uix
934 3508 1083 3602 cuiusque

173 3627 255 3687 vitae
285 3640 321 3684 ac
351 3630 451 3688 status
473 3640 569 3702 genus
592 3622 631 3684 ad
654 3621 861 3700 suoslimites
881 3635 1032 3692 revocare
1052 3636 1086 3681 aa

70 3727 72 3732 ⁴
171 3731 237 3796 suis
256 3730 391 3813 lerninis
413 3714 661 3805 circumscribere
683 3735 775 3808 atque
795 3728 897 3819 sepire
917 3728 1086 3811 possimus.
