2258 4170
410 173 476 249 cap.
496 166 525 232 9.
547 151 689 234 Esaiam
740 128 743 133 ι
878 234 882 248 ,
936 148 1028 236 ³59⁵

68 351 369 442 impetuosissimunr
383 361 412 417 et
426 352 727 428 truculentissimum,
749 370 811 416 una
825 370 902 419 voce
915 355 992 418 dun·-

68 461 179 532 t'axat,'
201 476 262 521 non
295 459 420 521 adhibet
443 460 519 532 irim,
557 461 613 522 sed
635 468 723 532 moto
745 460 841 538 digito
869 468 923 524 eut
939 458 996 523 in·

29 552 32 557 '
69 574 170 628 nuens
193 566 288 643 digito
309 572 400 653 terret
421 573 452 626 et
472 565 604 628 deterret
620 565 729 628 hostes
751 567 836 640 iilos,
857 582 896 653 ne
918 567 994 646 quid
1030 596 1036 612 ·

10 735 11 742 p
69 660 207 735 atrocius
229 681 264 737 et¹
280 673 406 750 gravius
428 669 457 733 in
479 684 538 735 nos
559 672 733 744 moliantur,
762 688 799 734 ac
816 671 906 749 jubet
927 674 993 735 tan·

67 787 151 851 turn,
173 787 206 841 ut
226 779 378 841 desistant
400 792 418 839 a
440 759 558 856 coeptis
580 786 637 841 etc.
738 767 755 834 ,'
901 840 904 849 1

133 874 210 960 ⁴Qui
232 884 266 947 fit
285 885 366 946 hoc?
387 886 439 964 qui
460 892 522 947 tam
544 885 604 946 ievi
626 884 762 961 impulsu
778 892 813 977 et
835 891 990 948 momento

55 991 144 1051 tanti
173 991 280 1053 hostes
303 1007 376 1052 sese
399 991 542 1052 deterreri
564 997 594 1051 et
620 1007 697 1053 suos
719 972 848 1052 conatus
869 988 991 1068 infringi

67 1097 267 1173 paterentur?
305 1097 486 1168 Gravissimi
509 1088 633 1174 (laidem
654 1094 725 1159 'sunt
745 1094 863 1168 hostes
883 1097 989 1170 fateor,
1095 1173 1098 1181 Ι

10 1268 11 1275 ¹
68 1180 186 1263 atrocia
218 1203 396 1275 moliuntur,
426 1209 455 1263 et
481 1203 512 1279 iu
538 1208 675 1263 nostrum
703 1201 828 1281 exitium
855 1203 986 1266 summis

65 1284 247 1369 incumbunt
267 1308 399 1381 viribus,
428 1308 490 1373 scd
507 1305 558 1368 hic
578 1320 655 1384 puer
676 1313 789 1368 terrere
805 1313 835 1368 et
856 1307 986 1383 caedere

66 1422 123 1475 c'os
145 1414 207 1474 ievi
228 1424 323 1491 opera
340 1421 449 1491 potest.
492 1412 568 1473 Num
584 1411 707 1489 quando
730 1395 784 1473 vei
800 1411 933 1475 maxime
954 1404 999 1474 te³
1083 1429 1101 1457 ν

64 1520 192 1595 urgent,
213 1503 338 1595 quando
361 1518 581 1581 conscientiam
603 1525 686 1579 tuam
709 1515 853 1581 afflictam
875 1533 985 1607 excru-

63 1625 160 1697 ciant,
195 1632 225 1685 et
246 1633 275 1686 te
296 1623 567 1707 vehementissime
595 1628 788 1701 oppugnant,
815 1631 881 1685 tum
902 1626 984 1686 nulia
1060 1625 1086 1677 ,Γ

10 1803 13 1810 .
62 1731 147 1807 iacta
169 1736 254 1792 mora
289 1732 392 1794 confer
413 1737 442 1791 te
464 1730 504 1791 ad
525 1712 676 1791 eeclesiae
697 1728 882 1821 ministrum,
914 1730 994 1792 sive.

62 1836 103 1897 ad
126 1820 249 1899 fratrem
271 1837 370 1916 pium,
402 1842 434 1924 et
453 1841 523 1912 pete
545 1834 769 1897 absolutionem
791 1841 821 1898 et
838 1837 982 1923 censpia-

14 1925 16 1928 ’
61 1941 186 2002 tionem.
221 1942 277 2004 Hic
293 1941 350 2005 ‘ubi
374 1941 512 2002 minister
533 1949 586 2003 aut
605 1941 697 2024 irater
717 1940 757 2002 ad
778 1947 817 2014 te,
838 1941 983 2019 imposita

59 2046 117 2107 tibi
139 2053 245 2120 mauu,
270 2047 364 2120 dicit,
386 2038 524 2109 Absolve
552 2045 582 2108 te
604 2053 678 2118 etc,
705 2046 746 2108 ad
770 2046 851 2109 hanc
872 2056 981 2137 vocem

63 2152 112 2226 (si
131 2147 252 2237 credis)
275 2153 378 2216 stetim
398 2153 475 2229 fugit
495 2155 558 2225 icx,
590 2149 767 2230 paccatum,
791 2169 886 2229 mors,
929 2152 981 2216 Sic
1076 2192 1080 2202 f

60 2258 133 2320 solo
151 2266 297 2321 terrore
310 2258 447 2320 infirmae
474 2272 584 2321 manus
619 2265 649 2320 et
674 2256 797 2335 linguae
825 2259 980 2322 conterriti

58 2362 170 2426 hostes
187 2350 243 2426 isti
264 2364 414 2427 immanes
436 2365 545 2427 cedere
566 2372 724 2442 coguntur„
766 2363 843 2426 Nam
864 2365 918 2427 ubi
940 2365 981 2428 de

58 2469 199 2546 peccatis
221 2471 423 2545 veneticus,
451 2478 482 2532 et
503 2470 604 2533 credis
626 2470 778 2533 Christum
801 2487 859 2534 sua
880 2480 978 2540 morte

59 2590 117 2651 pro
150 2574 196 2637 eis
227 2576 434 2650 satisfecisse,
467 2577 611 2655 petisque
639 2576 879 2651 absolutionem,
913 2562 977 2639 tuin
1027 2568 1029 2572 ’
1106 2582 1111 2593 ’

12 2662 15 2667 ’
59 2695 135 2742 vere
152 2662 340 2754 absumens„
355 2697 412 2743 uec
433 2688 497 2744 ium
514 2683 641 2761 periculi
663 2683 719 2745 erit
737 2681 904 2761 quidquam
926 2683 975 2744 vei
1064 2665 1069 2699 ³

60 2794 215 2867 amone,
238 2788 286 2848 vel
307 2788 390 2863 iege,
413 2788 461 2873 vel
483 2794 618 2880 satanm
674 2765 678 2777 ⁸
842 2783 844 2786 ⁴

127 2891 204 2954 ‘Sed
233 2908 272 2954 an
292 2908 353 2955 oon
374 2893 466 2970 longe
487 2893 620 2955 maxima
649 2901 680 2955 et
712 2892 904 2956 admiranda·
923 2904 975 2956 res
1058 2966 1064 2974 .

58 3004 122 3070 est,
150 2997 317 3076 quodiam
339 2998 398 3059 ievi
421 3005 521 3074 motu,
549 3007 610 3062 tam
632 2999 735 3073 facile,
764 2984 913 3062 duntm'rat
934 3000 973 3062 ad

59 3101 286 3180 impositionem
315 3108 474 3179 manuum,
503 3110 533 3167 et
555 3106 755 3189 prolationem
784 3122 841 3167 seu
863 3122 973 3169 sonum
1015 3167 1020 3192 ,

59 3208 146 3269 vocis
171 3207 348 3283 humanaes
367 3217 455 3272 satan
476 3211 579 3289 fugam
599 3227 779 3289 capessere,
800 3213 883 3290 quod
899 3222 974 3292 pec-

57 3321 158 3376 catum
180 3320 308 3377 mortem
330 3317 420 3379 nobis
439 3317 596 3380 inteutans
619 3317 798 3396 desperare,
826 3318 973 3398 quodque
1063 3336 1065 3346 ⁴

55 3420 165 3502 laxet
193 3409 380 3535 consciept'ia
411 3421 502 3484 finem
523 3422 664 3485 terrendi.
684 3417 715 3484 e¹t
730 3411 974 3487 'excarnificandi

54 3540 114 3586 nos
136 3518 423 3614 iaceraeoguntur'i
451 3528 499 3604 Au
519 3520 580 3591 nou
597 3520 814 3621 mirificahaec
833 3535 885 3593 est'
902 3546 972 3608 reg·
999 3510 1007 3529 ’
1042 3574 1045 3579 -

54 3631 149 3692 nundi
170 3632 266 3705 ratio,
288 3632 470 3714 quod-puer
489 3634 617 3697 istorum
639 3641 701 3697 tarn
719 3634 900 3708 terribilium,
915 3635 972 3699 ho-

51 3737 294 3833 stiumimpetus
315 3744 346 3802 et
360 3739 478 3804 iurares
500 3748 562 3803 tam
580 3740 640 3804 lari
653 3756 749 3824 opera
768 3755 804 3804 ac
816 3749 970 3807 momento
1083 3758 1090 3772 ²
