2280 4192
127 174 234 249 252,
355 180 445 256 (aput
462 170 671 256 derogesimnm
689 156 819 256 quonum
940 209 950 218 ·

129 359 169 421 od
190 360 319 421 loturam
347 361 455 421 citam
471 360 748 431 accommodanda,
780 360 838 421 scd
864 359 904 419 ad
936 376 1050 421 omnes

127 481 222 527 cesus
249 474 280 526 ct
314 468 455 543 exempla
481 465 568 536 fidei,
606 467 689 526 sicut
708 466 800 526 etiam
834 466 885 525 ille
921 464 962 525 ad
985 466 1049 525 lle-

125 569 264 633 bracos
271 572 285 647 )
308 571 418 633 dilinit.
446 571 550 632 tidem
561 587 636 632 csse
655 571 918 648 exspectationem
939 587 1044 635 rerum

126 676 357 775 sperandorum.
406 678 469 738 Res
499 685 601 739 antem
635 676 810 754 sperandae
841 685 927 747 sunt,
961 693 1046 754 ques

125 781 235 845 lisaim
270 781 321 845 hic
356 783 431 844 dicit
460 797 518 843 nec
548 781 661 853 audiri,
695 798 796 859 neqnc
830 781 944 855 videri,
984 781 1044 841 sed

126 888 255 966 simplici
287 888 348 949 lide
378 887 560 965 exspectari.
604 887 683 949 Sunt
709 888 789 949 cuim
818 902 942 964 semper
969 887 1045 946 novi

124 1011 218 1057 casus
238 993 318 1067 ddci,
336 1002 368 1055 et
380 995 449 1055 sine
470 994 614 1071 exemplo
625 993 752 1070 speciali
769 989 858 1076 (nam
881 992 1041 1069 generalia

76 1111 81 1119 ’
127 1097 269 1176 exempla
300 1116 359 1161 non
395 1100 618 1178 excludimus).
661 1096 763 1162 Sicut'
778 1107 880 1160 entem
897 1136 901 1143 ,
917 1115 1048 1176 semper

125 1202 208 1267 nove
234 1203 356 1266 afflictio
386 1203 529 1276 offertur,
561 1206 602 1264 ite
630 1220 753 1282 semper
781 1207 994 1281 inexspectata
1015 1213 1047 1265 et

126 1311 282 1388 insperata
304 1311 440 1372 liberatio
462 1311 615 1387 contingit
1090 1385 1095 1396 ι

208 1414 321 1499 Paulus
335 1416 389 1494 ”)
414 1432 473 1477 suo
488 1431 580 1477 more
601 1417 774 1491 generalem
796 1415 977 1476 sententium
1002 1415 1043 1474 ad

82 1542 89 1553 ’
125 1522 337 1599 particularem
367 1515 513 1583 causam'
533 1521 695 1582 commode
726 1499 861 1582 detorsit
904 1519 1045 1582 Possunt

120 1629 217 1699 enim,
248 1606 329 1707 quae
363 1627 394 1688 io
426 1641 538 1702 genere
571 1627 654 1688 dicta
686 1634 771 1697 sunt,
809 1627 847 1688 cd
870 1626 1043 1702 singularia

123 1733 295 1811 detorqueri
319 1732 386 1795 sine
406 1731 602 1802 incommodo
625 1732 778 1808 generalis
799 1732 977 1794 sententiae.
1080 1720 1087 1735 '

367 1919 592 1983 Occurristi
614 1920 794 2010 laetenti.

203 2052 250 2112 Ad
272 2036 442 2127 augendam
464 2049 667 2110 calamitatem
689 2048 939 2126 conierttempus
954 2047 1041 2108 cola-

122 2152 234 2213 mitatis
254 2153 464 2233 Babylonicac
484 2170 552 2215 cum
573 2154 708 2214 feliciore
730 2154 847 2223 seculo,
870 2167 932 2230 qno
953 2151 1041 2214 Deus

47 2331 49 2336 ,
121 2258 257 2330 favebat,
287 2258 431 2337 Juvnbct,
461 2258 645 2321 exaudiebat
674 2274 758 2320 suos.
803 2257 961 2332 Quondam
984 2275 1042 2320 oc·

120 2363 281 2436 currebas,
314 2364 424 2441 inquit,
459 2365 521 2425 tuis
548 2363 684 2440 juvando
705 2371 736 2422 et
756 2342 969 2434 exaudiendo,
999 2380 1040 2424 ea

120 2475 205 2530 erant
225 2468 397 2551 feliciora1)
422 2477 574 2547 ternpore,
606 2469 712 2530 lelices
743 2476 772 2530 et
794 2469 863 2529 laeti
887 2469 928 2529 illi
951 2479 1041 2531 erant

119 2572 272 2661 homines.
307 2591 375 2638 cum
406 2575 507 2638 omnia
537 2571 709 2660 rectissime
738 2573 784 2635 sic
823 2573 1036 2645 succederent,

42 2736 46 2748 ,
119 2695 186 2741 cum
206 2670 325 2756 Justitia'
344 2689 375 2743 et
396 2682 495 2759 pictas
516 2676 594 2741 inter
613 2679 754 2741 homines
776 2678 897 2741 floreret
917 2686 972 2740 etc.

302 2945 307 2955 ¹
385 2867 484 2929 Ecce
506 2875 545 2929 tu
567 2867 709 2929 iratus
718 2884 768 2929 ea.

17 2984 19 2993 ἱ
98 3010 125 3063 ,’
201 2996 332 3057 Pertinet
352 3002 383 3056 et
403 2996 464 3057 hoc
492 2996 530 3057 ad
554 2995 847 3067 commendationem
879 2995 1036 3071 praeteriti

119 3102 223 3173 seculi,
245 3100 327 3213 quod
351 3117 410 3162 nou
434 3090 651 3164 so'lumlaverlt
671 3102 717 3162 eis
740 3101 831 3170 Deus,
854 3099 911 3161 sed
932 3100 1033 3162 sicubi

119 3216 315 3282 peccassent,
345 3206 495 3282 ignoverit
517 3223 649 3285 quoque
688 3206 739 3267 Sic
766 3207 845 3266 enirn
869 3206 948 3266 melo
980 3223 1036 3265 ac

119 3310 238 3387 cipere
257 3327 349 3388 quarn
372 3311 410 3372 de
432 3319 568 3388 ternpore
590 3313 784 3390 captivitatis
809 3311 901 3386 quod,
924 3326 1037 3388 quum·
1124 3296 1127 3301 ’

119 3432 212 3504 quarn
234 3425 376 3492 peccent,
399 3422 497 3521 tamen
521 3416 686 3495 aliqnando
708 3419 747 3478 sit
769 3431 824 3478 cos
846 3416 1031 3478 liberaturus

119 3520 204 3583 Deus
225 3527 281 3581 etc

109 3624 329 3640 'm

189 3665 350 3751 ¹³)llebrae
372 3665 415 3720 11.
451 3661 499 3732 **)
522 3666 546 3719 1.
566 3662 670 3722 Οοῐζῖ.
782 3638 785 3647 ’
846 3701 850 3711 ·

187 3759 216 3827 1)
234 3760 264 3815 ln
286 3759 328 3814 ed.
350 3759 418 3814 teat
436 3766 490 3814 ert:
514 3759 611 3851 felicia.

65 3824 120 3920 Κ·
