2258 4170
335 192 342 198 '
426 197 537 256 Esaiae.
595 235 598 241 -
791 157 794 171 Ι
897 155 970 261 '245

26 348 85 443 ¹de
108 381 210 443 tuturo
232 393 308 441 oasu
331 379 434 455 populi
457 374 585 438 reflectit
602 376 736 439 animum
760 378 807 461 ab¹
822 380 972 456 exemptis
1032 428 1034 432 a
1058 436 1060 441 ⁴

49 486 112 546 irae
144 487 184 545 ad
212 485 376 562 praeterita
406 483 557 547 beneficia
586 483 658 554 Dei,
696 491 734 544 etx
753 486 827 546 texit
853 486 972 562 insigne
1000 566 1008 572 ·
1106 495 1109 501 ’

10 590 14 647 “.
48 591 204 652 canticum
225 590 264 650 de
295 590 449 652 veteribus
484 570 637 682 miraculis
669 598 699 650 et
728 582 885 653 benefieiis
908 592 970 664 Dei,

47 697 164 774 quibus
182 700 223 757 'se
244 695 348 771 erigit,
370 703 400 757 et
422 683 589 754 orationem
611 695 740 756 instituit
761 712 816 772 pro
839 697 970 774 captivis

40 804 71 862 in
109 801 281 879 Babylone.
309 801 377 876 ,Sio
404 807 568 876 utrumque
604 801 694 870 iacit,
730 816 765 862 se
793 805 970 864 consolatur
997 859 1000 865 .

41 907 94 967 itta
120 901 412 996 pommamoratione
435 903 652 993 beneficiorum
669 907 918 982 praeteritorum,
940 916 970 970 et

39 1013 154 1089 iaudat
176 1015 266 1074 simut
287 1012 342 1073 Dei
362 1009 577 1072 inexhaustam
600 1012 776 1073 bonitatem.
831 1070 833 1084 ,

129 1118 187 1180 Est
207 1110 308 1179 auteui
330 1115 390 1178 hoe
411 1116 493 1186 artis,
521 1126 618 1193 posse
640 1117 671 1177 in
693 1106 912 1179 tentationibus
935 1104 970 1179 se
1081 1124 1083 1131 ’

39 1200 170 1299 erigere
192 1199 340 1300 exemptis
363 1223 479 1298 gratiae
501 1228 531 1283 et
558 1221 786 1284 misericordiae
808 1222 874 1285 Dei.
919 1222 970 1284 Sie

36 1330 126 1411 enim
150 1329 184 1390 fit
205 1329 234 1389 in
268 1313 462 1404 gravioribus
495 1327 725 1400 tentationibus,
757 1320 817 1389 nori
840 1330 969 1390 venitin

34 1441 180 1496 mentem
216 1449 331 1510 passus
354 1431 509 1503 Christus,
543 1449 602 1494 non
625 1433 732 1494 Petrus
755 1433 875 1494 veniam
897 1450 971 1497 ooo-

36 1526 183 1611 seoutus}
205 1538 262 1600 sed
284 1539 421 1600 interitus
444 1537 607 1610 Sodomae,
631 1539 788 1610 diluvium,
810 1539 969 1602 induratus

34 1646 182 1718 Pharao,
216 1643 355 1719 abjectus
376 1644 489 1716 Judas,
517 1651 550 1704 et
580 1645 692 1706 simiiia
723 1629 796 1705 irae'
816 1644 970 1706 horrenda

38 1751 199 1829 exempla.
242 1749 382 1811 Debebat
409 1756 510 1810 autem
546 1750 730 1812 eontrarium
758 1749 834 1811 fieri.
876 1751 968 1834 iudu-
995 1804 1018 1835 ,Ι
1098 1819 1110 1839 Ι

38 1865 127 1921 ratos
169 1856 249 1917 haec
287 1855 350 1916 irae
386 1856 533 1936 exempta,
563 1860 692 1928 terrere,
725 1856 888 1933 territos⁸)
919 1858 968 1918 illa

41 1962 162 2041 gratiae
184 1962 328 2037 exempta
347 1960 499 2021 aonsotari
520 1967 550 2022 et
572 1962 689 2037 erigere
703 1959 866 2033 debebant,
888 1963 969 2024 siout
1067 1998 1071 2007 ·

40 2068 196 2148 propheta
210 2065 269 2142 'hie
290 2066 377 2138 tacit,
406 2067 459 2145 qui
482 2056 602 2128 territus
625 2066 701 2126 tristi
720 2065 836 2141 judicio
858 2068 963 2144 populi

41 2167 162 2237 Judaiei
186 2189 221 2235 se
243 2171 334 2248 copia
355 2169 571 2249 beneficiorum
594 2170 710 2242 obruit,
744 2178 777 2232 ut
808 2166 880 2233 nrttit
908 2173 966 2234 nisi
1012 2172 1014 2180 ’
1105 2226 1113 2253 χ

40 2277 273 2349 misericordias
296 2283 325 2337 et
341 2276 503 2345 ¹beneficia
537 2276 647 2339 videat.
689 2275 778 2351 Quod
800 2278 827 2337 si
849 2277 879 2339 in
901 2277 967 2338 irae

36 2385 202 2463 exemptis,
225 2390 295 2445 ante
309 2382 410 2453 territi,
432 2381 512 2443 fixos
527 2380 697 2444 habeamus
711 2383 827 2471 oeulos,
850 2384 965 2456 odium,
1035 2450 1039 2456 ,

33 2489 306 2569 Μαὲρὴεωίε,·θι
327 2496 588 2549 murmur·oontra
684 2556 689 2565 p
727 2489 885 2550 excitatur.
918 2486 965 2549 Ex
1049 2468 1051 2473 ἲ

29 2598 97 2658 hae
120 2603 227 2656 autem
244 2487 856 2717 beneficiorumreoordaarga
866 2593 961 2655 Deum
1006 2662 1010 2667 ,
1063 2663 1072 2671 p

28 2713 61 2765 et
87 2704 261 2781 gratiarum
284 2701 364 2761 aotio
387 2700 568 2791 oriuntur3
654 2708 657 2715 '
707 2748 711 2755 .
795 2726 835 2793 ἡ
886 2761 926 2781 -.
968 2731 974 2740 ,

149 2907 155 2913 -
230 2864 523 2927 Mi-serationum
547 2862 774 2933 Domini**).

123 2995 209 3055 Haeo
231 3000 279 3056 est
301 2992 480 3071 propositio.
524 2992 600 3054 Volo
623 2991 706 3068 toqui
735 2991 774 3052 de
804 2992 960 3055 benefieiis

30 3101 104 3163 Dei.
148 3099 284 3176 'Quarei
306 3100 378 3176 quia
401 3115 469 3159 sum
492 3104 661 3174 occupatus
683 3097 993 3182 tristibuseogitaas

30 3207 177 3268 tionibus
198 3221 237 3267 ex
251 3204 379 3271 ,interitu
402 3204 505 3280 popuii
526 3202 596 3264 mei.
626 3202 708 3262 idern
731 3203 821 3266 nobis
840 3203 959 3297 aoeidit,
994 3182 997 3187 ¹

34 3328 110 3372 eum
135 3312 307 3387 cogitamus
329 3309 367 3369 de
389 3306 665 3369 abominationibus
688 3324 805 3385 papae,
838 3306 876 3369 de
902 3308 957 3369 im-

36 3416 156 3494 pietate
179 3417 352 3477 Turoarum.
376 3414 413 3475 de
435 3411 647 3489 ingratitudine
668 3412 778 3474 mundi.
808 3411 853 3473 Ex
874 3413 959 3490 eogi-

37 3522 156 3582 tatione
178 3520 258 3581 enirn
279 3519 579 3608 horum-matorum,
612 3519 690 3580 siout
713 3518 791 3591 dixi,
822 3518 959 3580 nascitur

110 3685 142 3749 ⁸)
164 3682 301 3750 Quomodo
319 3681 404 3735 territi
416 3683 495 3739 animi
507 3680 627 3751 erigendi
646 3680 705 3734 sint.
743 3679 793 3746 ⁰‘)
812 3678 955 3734 Enarratio

39 3793 99 3848 ηρ.
118 3777 162 3844 64.
258 3776 262 3785 ’
