2258 4170
227 266 230 275 Ἢ
341 162 435 255 'aa
455 171 484 240 a.
506 176 615 239 maa.
805 122 808 129 ’
884 166 948 236 aa
1029 226 1037 240 ,

83 374 115 423 m
140 355 403 419 Pruccedentiade
423 358 521 437 primo
541 363 679 434 tempore
694 369 755 417 noo
767 352 949 432 repetenda,

83 465 105 530 at
122 462 282 546 pmittenda
303 461 389 535 duxi,
422 461 571 541 disputari
593 461 672 524 enim
694 467 809 538 potest,
845 476 883 521 aa
907 457 953 520 io·
984 485 1007 550 ι·

83 573 136 649 titgi
155 569 285 632 debeant
305 568 343 629 de
364 569 540 646 captivitate
559 566 739 646 Assyriam,
760 582 799 627 an
817 548 859 627 'de
881 561 952 629 aliu.
1013 556 1016 561 ⁴

83 684 141 756 opat
159 673 313 751 auspicari
335 675 405 736 voto
428 674 467 735 ab
488 673 550 736 hoc
569 675 649 737 ioco.
1005 687 1021 697 “·

88 863 213 942 opulus
235 862 301 940 qui
323 862 547 923 ambulabat
567 861 603 922 in
631 859 823 931 tenebris,
851 859 954 951 vidit

83 985 168 1032 utem
208 983 398 1044 magnam,
424 967 704 1030 Habitantibus
727 967 763 1028 io
791 964 954 1043 regione

194 1073 350 1145 umbrae
371 1074 508 1135 mortis
531 1075 595 1134 tux
621 1076 707 1160 orta
728 1079 798 1136 cet.

129 1203 235 1278 Magoa
248 1193 606 1286 aaoehcecncdppcloe,
628 1216 740 1278 magna
753 1199 884 1262 audacia
905 1206 955 1261 est

83 1310 141 1371 moti
161 1305 254 1383 huius
276 1305 459 1384 prophetae,
490 1307 572 1385 quod
595 1307 740 1384 poputum
763 1321 853 1367 suum
875 1303 954 1366 Moci

83 1414 211 1491 iscipulos
224 1412 357 1490 appellat
370 1419 431 1472 tam
443 1411 662 1473 contumeliose
676 1411 790 1482 dicens,
812 1404 869 1473 dos
891 1426 955 1471 am«

83 1521 148 1580 utare
168 1516 391 1579 etuaoitareia
406 1517 539 1578 tenebris
560 1524 590 1578 et
607 1515 715 1578 umbra
726 1516 842 1578 mortis.
869 1516 956 1577 Hauc

83 1639 151 1685 >cem
173 1622 299 1700 spiritus
329 1622 427 1685 sancti
453 1638 515 1685 uon
542 1609 644 1699 potest
671 1623 732 1685 uilo
763 1598 956 1683 modo'terre

83 1728 184 1801 cadus,
202 1728 284 1804 quod
307 1728 347 1790 sit
368 1728 501 1805 populus
523 1727 740 1789 ambulantium
762 1729 791 1788 in
813 1726 959 1792 tenebris.

98 1840 245 1896 testantur
266 1839 297 1894 et
326 1833 499 1910 praesentia
530 1840 679 1910 tempora.
720 1833 806 1910 Quod
827 1832 957 1895 dicimus

83 1944 227 2016 tpapam
253 1939 286 2000 ln
307 1937 440 2001 tenebris
450 1952 494 2010 ce,
516 1953 609 2011 erras,
630 1937 659 1998 id
676 1939 754 2001 ictuc
774 1953 834 1999 oon
846 1943 956 2014 potest.

82 2045 230 2106 c'iurcac
250 2045 289 2105 id
302 2034 411 2115 ierunt}
431 2043 514 2122 quod
527 2043 667 2105 dicuntur
687 2059 759 2106 cese
780 2042 957 2106 intenebris

86 2151 251 2222 erroribus,
273 2157 517 2229 oppouuotsuas
534 2146 629 2222 luces,
651 2164 744 2211 suum
755 2149 956 2223 alcoranum

83 2258 186 2318 mines
208 2254 365 2333 sapientes
385 2252 676 2332 suameapienticm
698 2271 755 2318 sua
773 2254 842 2331 jure
856 2255 958 2317 civilia

93 2364 195 2439 tegas,
231 2367 404 2439 quaesunt
435 2359 657 2437 putcherrimae
680 2361 787 2423 stciiae
808 2366 838 2421 ct
858 2357 957 2423 lucca.

83 2477 133 2539 tu,
161 2466 324 2537 medicina,
352 2465 518 2542 sapientia,
546 2473 642 2538 artes,
670 2466 777 2528 stellae
798 2472 869 2528 sunt
889 2465 957 2542 pui-

84 2552 224 2634 amimae.
437 2644 441 2655 Ι

128 2675 237 2739 Judaci
258 2682 417 2754 opponunt
437 2652 553 2752 legem,
573 2673 688 2751 jactant
709 2690 744 2737 se
766 2673 844 2736 Most
866 2672 958 2735 disci-

83 2785 145 2854 ttoa,
167 2799 204 2844 ac
227 2783 344 2854 dicunt,
372 2781 476 2842 Nosne
496 2781 526 2840 in
556 2768 958 2871 tenebuis‘ambuiaremusi

83 2889 141 2950 ttin’
163 2904 258 2950 sanus
280 2903 324 2958 os,
347 2885 448 2959 Esaia,
470 2885 522 2963 qui
544 2883 624 2946 haec
644 2884 742 2946 audes
764 2883 959 2962 pronuntiare

83 2994 265 3070 tutsupuos
287 2992 380 3064 uost,
401 2991 440 3052 oa
461 2991 576 3068 popum
597 2997 627 3051 a
649 2991 769 3068 pecua
791 2989 865 3051 out
903 2989 959 3066 om
1002 2973 1005 3005 ¹

83 3106 178 3161 asuot
198 3105 259 3159 tam
275 3097 482 3174 imprudentes
494 3111 589 3156 voces
611 3095 664 3157 tibi
681 3095 844 3157 excideret
872 3093 959 3157 carte

83 3205 181 3282 putus
201 3204 278 3264 lucis
300 3217 416 3272 sumus,
439 3209 469 3263 et
489 3200 612 3268 ioluce‘
628 3200 829 3262 ambulamus:
856 3200 959 3262 Hebe-
1001 3274 1008 3293 Χ

83 3327 115 3371 us
147 3315 263 3386 patrem
294 3306 464 3378 Abraham,
501 3305 652 3369 habemus
683 3304 860 3385 prophetas.
904 3305 960 3381 Qui

86 3400 136 3477 tut
172 3415 257 3476 caeci
293 3413 458 3474 essemus?
501 3411 660 3486 Quomodo
688 3412 717 3473 in
738 3412 873 3474 tenebris
894 3427 959 3477 am·

83 3518 246 3582 ttarcmosi
721 3517 723 3521 '
763 3530 766 3539 ·
826 3534 829 3543 ·

128 3618 280 3696 Propheta
294 3622 368 3685 nihil
389 3630 489 3685 motus
501 3621 643 3685 omnibus
654 3621 713 3684 iliis
728 3621 958 3698 gtoaiatiouibua

83 3767 85 3778 ·
106 3726 261 3807 patritiae,
283 3729 417 3806 detege,
438 3727 636 3806 depecutioa
655 3727 694 3790 dc
714 3728 866 3807 capientia
887 3743 960 3791 con·
