2258 4170
67 171 69 174 ’
153 150 217 220 360
475 152 619 215 Enarrabo
640 153 810 283 uberior

133 335 289 416 xinfringit
319 342 362 398 ot
370 276 503 406 inhibet,
535 349 654 412 eosque
676 333 794 394 terret?
836 330 883 394 dn
913 308 1072 394 nonlicet

79 456 82 482 ¹
111 509 119 533 ,ἡ
157 438 285 520 mundio
315 449 345 503 ιι
366 440 466 518 longe.
478 439 611 501 maxima
640 455 770 517 opera,
786 437 870 534 quod
897 437 946 499 sic
974 442 1072 525 potest

53 615 56 619 .
157 565 234 637 puer
254 541 305 610 hic
334 555 446 610 terrere
467 546 643 623 diabolum„
660 553 694 606 ut
714 540 811 622 fugiat
833 542 939 605 audita
961 549 1073 603 tantum

159 653 257 717 vocet
300 647 371 715 Vox
391 653 442 714 illa
462 660 510 715 est
531 651 666 730 potentia
686 655 779 724 tanta,
801 665 894 726 quam
917 648 1075 711 virtus-lo

79 776 93 809 ι
159 762 207 838 gis
228 766 259 820 et
289 759 361 836 ipsa
386 758 510 820 italici
532 757 616 834 fugit
658 756 755 819 Tanta
776 763 824 817 est
846 736 961 826 virtus,
994 760 1075 815 ιιιιιιιι

159 864 295 944 potentia
329 863 422 942 hujus
450 865 552 943 pueri«,
585 861 648 923 veri
678 860 805 939 quidem*
833 859 983 932 bominis,
1024 859 1075 920 sed

161 970 339 1033 verietiam
360 970 423 1031 Dei.
477 1010 479 1015 -
807 989 809 992 ⁴
1012 957 1016 965 ’

98 1131 110 1142 ,
188 1131 196 1153 ,
244 1075 404 1154 Siitnquc
426 1073 618 1147 mediatum
641 1079 743 1132 motus
758 1066 875 1148 digituli
897 1077 929 1132 ιι
950 1071 1079 1147 linguae,

86 1254 89 1258 ¹
161 1192 238 1242 seu·
248 1195 324 1251 vox,
366 1172 429 1258 qua
459 1186 489 1243 to
525 1178 672 1249 absolvo,
712 1193 765 1239 cor
793 1185 891 1245 tuum
923 1176 1081 1239 vivificare

147 1260 273 1375 λιιοιιιι
307 1281 391 1355 cum
405 1282 483 1357 dico,
507 1281 633 1345 confide
649 1282 700 1355 tili,
720 1284 912 1377 remittuntur
934 1283 989 1344 tibi
1012 1299 1082 1360 peo-

61 1436 65 1441 -
163 1396 233 1452 eata
256 1395 324 1460 tua
346 1389 449 1451 statim
471 1387 533 1449 hac
553 1377 631 1451 voce
647 1395 735 1451 mor‘s
756 1391 908 1463 moritur,-
904 1397 1111 1481 peccatum,

68 1532 72 1538 ι
139 1483 324 1558 ¹coniicitur
350 1501 382 1556 ιι
408 1494 561 1611 aboletur,
597 1500 687 1565 satan
714 1501 841 1557 terretur
868 1503 901 1556 et
925 1495 957 1568 in
980 1495 1082 1571 lugam

164 1600 332 1678 conjicitur.

135 1736 138 1746 ,
246 1707 330 1768 Haec
347 1712 431 1773 tanta
452 1704 517 1767 fleri
537 1686 733 1784 perverbum
751 1706 858 1772 vocale
875 1704 1013 1769 bominis
1035 1721 1084 1767 res

69 1878 76 1885 ,
164 1805 412 1875 ιιιίιιιιιιιιιιιιι
433 1819 464 1872 ιι
485 1809 652 1895 stupenda,
675 1810 758 1888 quod
774 1827 884 1873 manus
906 1811 1011 1872 iratris
1033 1818 1085 1871 aut

164 1916 351 1989 sacerdotis,
373 1924 403 1978 ιι
416 1915 570 1979 absolutio
593 1922 640 1978 est
661 1914 763 1977 tantae
786 1918 923 1990 virtutis,
947 1923 983 1978 ut
1005 1917 1084 1983 iran-

164 2029 216 2100 ιιι
244 2023 337 2085 istum
350 2028 353 2037 '
366 2022 512 2100 impetum
534 2021 699 2084 maximum
734 2028 764 2083 et
785 2020 1083 2100 impetuosissimum
1113 2085 1116 2091 ,

165 2134 317 2189 tantorum
338 2123 398 2189 tam
412 2125 601 2190 horribilium
617 2125 760 2213 hostium.
791 2125 865 2189 Ideo
888 2129 982 2188 etiam
998 2144 1083 2204 mag-

98 2227 101 2245 '
165 2231 255 2294 nifice
275 2239 305 2294 ιι
326 2233 416 2309 pleno
439 2226 492 2323 dre
519 2233 580 2301 hoc
602 2233 803 2294 inenarrabile
835 2233 968 2305 donum,
1004 2233 1083 2295 hanc

101 2388 106 2399 ι
165 2336 322 2399 mirificam
355 2339 413 2398 ιι
405 2354 584 2400 rmmensam
603 2340 769 2415 potentiam
791 2339 971 2416 praedicant
993 2340 1062 2400 illi
1054 2357 1082 2403 ιι

164 2442 340 2520 evangelio,
368 2459 404 2506 ac
431 2443 556 2505 laudant
576 2443 689 2517 Deum,
722 2446 775 2521 qui
808 2445 892 2507 dedit
911 2445 1007 2508 talem
1028 2463 1081 2523 po-

54 2564 56 2572 ·
165 2555 306 2612 testatem
328 2547 516 2612 hominibus

248 2654 382 2715 Maxima
410 2663 481 2717 suut
501 2654 581 2717 haec
602 2662 633 2717 et
660 2654 776 2717 infinita
797 2655 851 2717 liei
881 2672 955 2734 erga
984 2675 1081 2734 genus

78 2753 90 2796 s
165 2759 332 2833 humanum
363 2745 520 2822 beneficia.
564 2760 667 2823 Simus
700 2761 790 2838 igitur
810 2763 894 2838 grati
929 2772 961 2826 et
988 2765 1081 2842 probi,

160 2865 393 2964 praedicemus
410 2865 488 2927 hacc
516 2868 603 2944 pueri
612 2860 727 2942 hujus
749 2883 844 2945 opera
875 2875 905 2928 ιι
926 2868 1083 2941 beneficia,

165 2970 293 3032 libenter
325 2954 486 3034 audiamus
517 2973 644 3039 verbum
672 2971 734 3060 hoc
764 2973 859 3045 vitae,
890 2972 1029 3050 justitiae
1055 2983 1084 3036 et

166 3075 267 3165 pacis,
302 3083 462 3139 utcontra
494 3080 599 3141 mortis
628 3087 657 3139 et
685 3054 803 3172 pecuali
829 3074 1083 3153 terriculamenta,

167 3189 197 3242 ιι
219 3181 344 3259 spiritus
367 3182 526 3256 tristitiam,
548 3152 786 3246 consolationem
807 3191 837 3244 ιι
858 3182 1083 3247 firmamentum

166 3285 290 3353 habere
304 3290 471 3391 possimus
514 3289 579 3350 Hoc
600 3289 755 3362 iacientes,
777 3291 914 3367 proiecto
935 3289 1001 3362 fieri
1023 3309 1082 3353 non

167 3366 284 3468 potest,
306 3394 377 3470 quin
400 3397 549 3456 immensa
571 3401 601 3456 et
622 3393 787 3456 incredibili
809 3395 922 3456 laetitia
944 3397 1083 3457 exunde-

76 3544 79 3558 .
166 3514 245 3571 mus,
268 3517 336 3562 cum
359 3509 420 3563 tarn
442 3501 569 3578 insignis
583 3498 710 3562 victoria
724 3500 865 3562 nobissit
878 3509 974 3582 parta,
998 3518 1084 3563 oum·

166 3619 227 3680 quc
238 3604 308 3665 tam
333 3608 435 3683 opima
457 3607 556 3696 spolia
578 3606 752 3669 dividamus
760 3651 772 3688 2
790 3606 918 3690 iugatis,
939 3607 1020 3670 lusis
1043 3625 1081 3670 ao

166 3712 326 3784 prostratis
338 3713 429 3775 tantis
444 3710 596 3788 hostibus,
613 3714 719 3775 aculeo
733 3713 847 3787 mortis,
870 3714 938 3791 lege
950 3722 1085 3792 augente
1111 3734 1120 3748 ·

201 3858 206 3891 ι

367 3916 377 3955 ι
