2258 4170
113 160 177 261 ἔξω
438 172 584 251 llnnrralio
605 191 719 253 uberior

113 375 212 444 datur,
235 380 266 434 et
286 372 376 434 datur
396 373 447 434 uni
468 371 604 444 Homini,
626 385 686 432 nou
708 368 911 441 successioni,
928 369 988 438 latu
1029 436 1034 448 ,

110 476 162 536 ani
183 472 291 534 Infanti
304 485 336 539 at
358 477 432 539 Filio
453 476 527 540 huic
548 477 614 539 nine
631 477 728 554 prole.
761 474 830 536 Una
848 471 921 561 baeu
938 476 987 543 lm
1031 506 1035 548 :

110 587 194 641 taxat
215 589 264 643 est
285 599 427 660 persona,
450 583 506 645 sed
527 600 564 644 ea
586 589 635 645 est
654 596 768 659 perse
791 585 926 642 aeternus
939 581 988 659 lla,

110 693 142 748 et
160 687 228 748 Rex
247 697 391 750 aeternae
409 688 546 765 justitiae
567 696 599 750 et
619 694 763 748 aeternae
783 684 882 765 panis.
1033 752 1035 757 ,

119 872 122 876 ¹
190 791 268 867 Quid
291 798 393 872 potest
424 792 476 854 hle
503 793 668 855 eontrndioi
696 789 936 862 velaturam,
958 796 989 857 ul
1028 828 1035 837 ·

88 876 129 957 'a
150 899 282 970 ratione,
314 907 366 960 aut
387 900 426 960 ab
450 899 511 961 ubo
532 898 676 962 bominel
718 896 881 974 Imperium
901 910 990 975 sempe
1031 958 1035 963 .

110 1004 371 1080 multiplicabitur,
394 1005 499 1082 iuquit,
523 996 601 1082 (etei
620 1002 681 1064 hoo
700 1002 902 1079 multiplicare
920 1010 990 1078 pultat

108 1107 197 1180 eludi,
219 1124 256 1169 ea
279 1116 388 1182 tamen,
411 1124 493 1186 quaa
507 1117 677 1186 aequantur
695 1117 727 1170 et
747 1107 919 1180 cohaerent,
936 1109 990 1172 eluti

108 1229 169 1274 non
191 1215 340 1294 possunt)
363 1222 518 1276 aeternum
540 1214 597 1276 erit
616 1230 764 1290 regnum,
785 1212 904 1274 babens
921 1222 991 1279 aeta.

109 1336 179 1380 nam
208 1334 330 1398 paoem,
360 1321 524 1397 Justitiam,
552 1319 710 1396 judicium.
752 1317 991 1396 Repentina

110 1422 214 1486 ultima
241 1426 388 1488 memoria
421 1441 529 1489 omnes
556 1424 823 1502 reponsorium,
853 1422 992 1501 Ezeolriaa,

108 1531 328 1605 Salomonem*
340 1531 502 1605 Davidem,
530 1534 562 1594 et
582 1536 735 1609 quotquot
754 1531 855 1603 luere,
875 1531 920 1593 eui
937 1528 992 1595 hau

107 1639 229 1716 possint
250 1639 368 1716 aptari,
390 1644 473 1699 certe
493 1638 607 1699 nullum
628 1635 772 1698 habebis.
955 1712 962 1735 ἱ

190 1743 253 1805 Nee
274 1744 372 1806 datur·
383 1742 456 1805 buio
477 1742 540 1806 filio
564 1750 650 1821 pater
670 1748 848 1804 neo-mater
870 1728 992 1822 (esti'la

107 1856 168 1921 tar,
198 1857 381 1911 nontamen
411 1849 625 1926 nominatim),
660 1864 719 1910 nee
739 1847 827 1922 dieit,
862 1849 938 1927 quod
960 1848 992 1912 lla

106 1952 189 2016 filiun
211 1962 263 2017 aut
283 1954 362 2018 liaeo
384 1958 486 2034 protea
500 1956 541 2018 sit
561 1954 705 2016 habitura
722 1953 875 2016 haeredes
894 1970 993 2019 suoru·

108 2076 206 2124 noran.
239 2060 338 2124 llibilo
351 2062 456 2125 secius
477 2060 637 2124 habiturus
649 2068 698 2123 est
716 2077 843 2137 regnum
866 2067 993 2123 aeternna

107 2168 138 2228 in
160 2167 423 2244 multiplicatione,
452 2175 636 2245 et-regnum
664 2182 808 2228 aeternae
826 2164 955 2241 justitiae
968 2182 994 2229 aa

108 2272 197 2333 vilae.
233 2255 297 2334 ⁴Hio
317 2274 396 2336 alius
417 2290 491 2336 esse
518 2291 578 2336 non
606 2281 724 2352 potest,
757 2289 853 2351 quam
873 2270 994 2335 Dominae

105 2375 196 2440 tusus
228 2376 380 2451 cbristus,
413 2378 556 2442 Salvator
593 2386 716 2451 noster,
749 2388 779 2440 et
818 2393 907 2439 nemo
939 2377 994 2441 alu

109 2490 231 2561 praeter
251 2483 362 2562 lpsum.
402 2485 458 2562 Qui
480 2485 559 2548 bano
572 2487 721 2547 invertere
743 2490 773 2546 et
795 2484 925 2546 relntare
942 2498 994 2561 pu

107 2587 163 2661 sit,
196 2589 332 2666 prodeat.
375 2592 491 2653 Vellem
513 2591 805 2671 equidemllbenter
825 2607 894 2652 enm
916 2589 994 2653 videro

107 2701 139 2756 et
161 2694 284 2769 audire,
305 2690 361 2758 sed
384 2714 474 2760 nemo
495 2697 627 2776 prodibit
648 2712 793 2774 unquam.
833 2696 918 2758 Alius
935 2695 995 2758 euin

106 2816 199 2878 quam
221 2801 369 2865 Dominus
396 2804 445 2866 ille
466 2811 651 2866 nosternon
672 2809 775 2880 potest
797 2801 934 2875 inveniri,
957 2801 997 2880 qui

106 2922 183 2984 puer
198 2916 294 2970 -nalun
315 2915 378 2981 est,
407 2909 439 2971 id
459 2917 522 2983 eet,
556 2925 629 2971 vere
650 2906 744 2970 homo
765 2909 871 2981 luerit,
906 2907 1011 2977 sedarit¹

1 3098 2 3102 Ἰ
108 3020 203 3089 nuper
251 3012 392 3076 thronum
420 3014 586 3087 ·÷Davidis,·
626 3030 664 3076 ao
707 3017 882 3090 regnaverit
924 3016 1000 3100 super

15 3195 17 3203 Ι
103 3115 341 3192 domomJaoob,
364 3126 394 3181 et
408 3121 536 3196 angetur
557 3120 659 3182 Lunae
674 3118 704 3181 1.
725 3121 808 3182 olane
822 3105 902 3181 liaeo
920 3118 994 3180 verbe

100 3221 329 3298 iuterpretatur,
362 3223 412 3285 ubi
446 3225 533 3298 dioit,
570 3226 663 3286 Dabit
683 3226 723 3286 illi
745 3226 889 3288 dominus
911 3225 993 3287 soom

101 3326 198 3386 David
233 3334 290 3390 ete.
342 3329 518 3393 Haeonon
557 3337 630 3393 sunt
670 3333 769 3407 angeli
813 3333 924 3401 verba,
957 3336 995 3391 aut

102 3431 236 3491 tum···ab
257 3434 366 3509 angelo
388 3435 517 3524 primum
539 3435 682 3497 omnium·
697 3438 833 3513 prolatu,
869 3437 995 3499 sedeunt

101 3522 230 3598 eet'boo
252 3538 321 3599 loeo
343 3537 543 3617 depmmpta,
564 3557 626 3603 non
648 3541 731 3603 enim·
750 3549 813 3606 tam
834 3543 901 3604 auls
920 3556 994 3620 quau
1030 3555 1035 3609 .·

100 3638 268 3718 prophetae
288 3650 438 3705 usur-ent
458 3643 572 3707 verbio.
641 3684 656 3693 -·
714 3666 727 3681 ¹·
956 3714 964 3725 ¹
1032 3690 1035 3721 2

119 3768 122 3777 ·
182 3743 409 3829 mnooqoentia
444 3749 536 3828 icitur
568 3749 743 3814 manifesta·
757 3757 787 3815 ol
817 3749 997 3831 irrefragabil
