2258 4170
392 118 647 243 flua.
794 207 798 213 -
888 160 900 175 ‘
984 150 1026 238 lo

108 360 164 417 lem
186 366 279 439 suam
302 340 332 416 et
357 369 416 416 uos
430 354 478 445 ab
505 351 826 424 idolatriaabstrahut,
847 360 880 416 ut
901 369 1025 416 manea-

108 476 173 558 mus
194 459 227 522 in
250 461 379 523 uentris
400 450 482 522 fldei.
1015 452 1018 459 '

218 649 353 728 [irrita
373 648 528 710 iaciens
549 635 667 725 signa
687 646 916 710 divinorum.
1040 682 1045 707 ι

109 822 113 829 -
183 777 319 841 Divinos
343 784 434 840 vocat
455 776 599 838 doctores
622 775 748 838 aliarum
761 775 951 851 religionum,
972 777 1025 855 qui

101 900 162 945 nou
205 876 359 960 justitiam
391 882 462 945 iidei
503 882 628 954 docent,
669 882 726 943 sed
758 897 861 959 opera.
911 881 1025 944 Homm

100 989 277 1052 doctrinam
300 988 452 1067 siguificat
472 995 504 1050 et
522 989 631 1050 falsam
653 994 684 1052 et
705 989 829 1049 stultam
851 1003 931 1050 esse.
967 989 1026 1059 Ta-

100 1095 161 1156 lem
176 1111 239 1159 nos
253 1094 534 1176 experimurhodie
548 1088 739 1174 papistarum
752 1093 928 1171 religionem
943 1111 1026 1158 esse.

261 1277 480 1407 Suscitans
498 1305 654 1370 verbum
676 1305 784 1371 servi
805 1307 877 1369 sui.
935 1390 939 1395 .
1019 1283 1030 1391 „¹

190 1436 281 1498 Sicut
310 1437 340 1498 in
363 1435 512 1514 principio
534 1436 624 1508 dixit,
657 1426 700 1498 ita
732 1436 823 1497 etiam
856 1437 1025 1521 concludit:

91 1526 248 1621 ,Verbum
284 1541 403 1604 Domini
436 1550 538 1604 manet
574 1542 603 1602 in
641 1550 807 1605 aeternum.
860 1536 1026 1605 consilium

111 1633 203 1711 uocat
224 1646 354 1710 verbum
371 1647 532 1725 evangelii,
554 1664 616 1726 quo
631 1649 810 1734 consulitur.
820 1648 1027 1715 conscientiis.

65 1830 68 1843 Ι
115 1753 199 1817 Sicut
226 1754 320 1816 etiam
347 1771 443 1835 supra
471 1770 553 1818 nouo
583 1754 684 1843 capite
706 1752 859 1818 Christum
885 1735 1027 1813 consilia-

65 1892 74 1927 -,
114 1860 188 1922 rium
209 1866 313 1934 vocat.

166 1983 264 2102 -Qui
285 2025 374 2091 dico
396 2026 661 2100 Hierusalem,
682 2023 944 2089 habitaberis.

190 2153 252 2245 iiic
263 2155 364 2233 pergit
374 2155 414 2216 ad
428 2153 549 2234 Cyrum,
563 2161 594 2216 et
609 2161 754 2234 tanquam
766 2155 804 2217 de
817 2151 979 2232 praeterita
994 2173 1027 2221 re

85 2314 90 2323 .
117 2261 259 2340 loquitur,
285 2266 367 2350 duae
387 2267 454 2324 erat
471 2262 581 2326 lutura.
623 2261 695 2325 ideo
717 2267 818 2322 autem
839 2259 901 2324 hoo
923 2262 1028 2325 vatici-

119 2366 195 2430 nium
229 2366 271 2428 de
292 2364 374 2446 Cyro
402 2367 563 2446 proponit,
597 2373 632 2430 ut
665 2369 841 2430 consoletur
868 2369 954 2445 pios,
988 2386 1028 2432 ne

117 2472 276 2552 desperent
303 2472 466 2550 deressno
488 2472 600 2538 Christi
628 2475 744 2546 futuro,
774 2472 857 2552 quod
879 2457 934 2537 his*
951 2492 1029 2553 qua-

113 2587 179 2642 tuor
198 2578 354 2657 capitibus
376 2578 548 2657 descripsit
591 2578 668 2655 Quia
689 2578 769 2642 euim
782 2580 860 2641 dere
893 2581 922 2641 in
949 2580 1028 2643 uibi-

113 2686 170 2748 lum
191 2684 347 2748 redacturi
361 2684 520 2764 Babylonii
541 2685 680 2750 ludaeos
702 2676 795 2757 erunt,
816 2686 1030 2775 periclitaban-

67 2813 92 2877 χ
113 2799 291 2855 tur‘omues
319 2790 542 2871 promissiones
564 2792 603 2854 de
625 2789 736 2862 Christi
757 2808 867 2868 regno,
899 2802 929 2854 et
959 2792 1038 2855 cum'

114 2913 167 2976 per
187 2896 380 2977 Babylonios
401 2913 527 2974 reguum
554 2905 585 2960 st
616 2897 822 2961 sacerdotium
843 2897 1029 2960 ludaeorum

112 3020 170 3066 una
192 3019 261 3065 cum
285 3003 399 3085 templo
420 3010 450 3066 el
470 3004 594 3068 civitate
615 3005 804 3066 Hierusalem
836 3011 943 3066 esseut·
975 3020 1029 3065 va-

114 3116 208 3179 stata,
235 3088 425 3189 ‘nulla‘spes
447 3116 512 3171 erat
533 3108 572 3172 de
594 3108 704 3172 christi
736 3126 841 3186 regno.
883 3110 1030 3174 Promittit
1057 3149 1060 3154 -

67 3296 70 3303 Ι
113 3211 200 3290 igilur
224 3228 260 3274 se
288 3212 484 3276 reducturum
513 3216 659 3293 populum
686 3215 892 3293 perdurum,
922 3221 957 3277 el'
978 3235 1029 3279 re-

115 3318 285 3381 stituturum
306 3304 435 3395 regnum
457 3335 526 3382 cum
556 3320 744 3393 sacerdotio,
777 3327 809 3382 ut
843 3323 1029 3399 promissum

65 3408 79 3537 ᾗ,
114 3420 220 3489 christi
241 3440 369 3502 regnum
392 3426 507 3509 populo
529 3425 674 3491 incolumi
696 3426 885 3511 exhibeatur..

246 3613 316 3689 Qui
343 3613 435 3681 dico
457 3617 673 3693 profundo,
696 3616 890 3682 desolare.

190 3739 392 3819 Commendat
429 3759 516 3815 suam
554 3747 721 3824 polentiam
765 3749 898 3826 generali
936 3749 1029 3815 dictu.
1096 3769 1098 3773 ·

70 3884 73 3889 .
127 3850 523 3927 hfflloppmffil'obllm
615 3922 622 3951 1
703 3882 706 3889 ,
799 3864 823 3937 4
