2258 4170
101 140 194 211 ‚408
275 168 278 173 ·
342 193 345 198 .
452 132 596 211 Enarrutio
619 150 732 210 uberior

60 354 65 361 .
90 401 94 407 ,
130 327 254 388 exitirun
275 327 366 390 etiarn
389 336 476 390 actus
498 329 545 403 'sit
566 346 648 408 quae
672 333 783 406 magua·
796 328 932 407 proiecto
945 344 1037 406 poena

132 440 163 494 ct
198 449 273 495 crux
309 435 377 506 suit,
420 435 598 512 praesertim
632 436 760 502 delicato
795 435 945 496 Romano.
987 434 1040 496 Sed

80 520 103 559 '¹
134 540 284 615 spotiatus
306 540 446 602 omnibus
468 542 677 613 facultatibus,
698 548 738 603 et'
749 539 920 602 inexilium
943 539 1044 616 depor-

81 659 84 665 ·
134 652 230 716 tatus,
252 645 298 706 sic
321 663 356 707 se
379 640 543 709 consolans
564 649 647 718 dixit,
669 648 783 709 Saltem
805 644 966 711 Christum·
982 646 1046 706 mihi

134 767 194 812 non
217 752 365 823 auferent,
397 758 431 812 ut
447 741 593 814 ¹maxime
624 753 758 815 auferant
780 755 996 827 res„corpu's
1021 758 1046 813 et

137 832 237 917 vitam.
274 856 404 934 Egregia
427 875 500 920 vero
523 876 594 930 vox,
616 866 645 919 et
668 840 847 920 Christiano*
864 857 1045 934 dignissima.

137 962 258 1038 Optime
271 963 407 1053 distinxit
427 963 504 1023 inter
525 973 680 1065 sceptrum
701 962 864 1034 exactorie,
887 970 918 1023 et
929 962 1045 1035 Misrah

32 1076 60 1139 s,
137 1066 167 1129 et
187 1085 314 1144 regnum
337 1039 429 1145 hujus
452 1069 581 1146 parvuli.

75 1166 78 1171 ’
219 1174 271 1235 Sic
293 1189 515 1235 assuescamus
536 1181 567 1236 et
588 1175 743 1236 discamus
770 1156 829 1233 nos
858 1189 985 1250 quoque
1006 1172 1046 1232 di-

138 1296 216 1353 cere,
240 1296 308 1341 curn
330 1295 402 1340 caro
423 1289 536 1365 nostra
551 1286 722 1351 exercetur,
747 1279 860 1339 moriar
882 1295 966 1348 sanc,
988 1294 1048 1338 mo·

140 1385 278 1445 riendum
300 1392 349 1472 est
372 1386 454 1446 enim
473 1384 569 1458 carni,
600 1386 672 1464 quia
699 1401 769 1471 sum
790 1383 951 1460 subJeotus
973 1384 1052 1447 oneri

141 1490 311 1564 secundum
333 1506 465 1552 carnem
509 1492 569 1553 Sed
593 1500 626 1552 ut
653 1490 784 1552 maxime
810 1489 939 1560 moriar,
973 1487 1053 1550 citri·

140 1603 219 1681 stum
241 1603 342 1657 tamen
365 1612 425 1659 non
453 1598 602 1670 amittam,
638 1604 667 1657 et
699 1595 837 1658 libertate
864 1595 931 1665 illa,
968 1611 1055 1669 quam

141 1676 215 1760 mihi
237 1702 370 1779 peperit,
391 1704 502 1763 fruar
494 1720 523 1763 rn
546 1710 743 1780 perpetuum,
768 1715 885 1779 eroque
907 1700 1055 1772 dominus,

142 1793 194 1866 ero
216 1821 279 1873 rex
301 1822 354 1886 ero
370 1805 486 1869 Misrah
507 1815 565 1870 etc
597 1809 657 1871 Sed
680 1815 858 1893 pergamus,
877 1804 1055 1866 audiamus-

143 1927 204 1988 que
223 1911 316 1988 hujus
339 1913 422 1987 regis
446 1913 592 1985 nomina,
625 1908 1057 1999 consolationisplenissima.

74 2152 77 2157 .
143 2098 418 2161 Etvocabitur
469 2117 603 2163 nomen
657 2100 746 2175 ejus
796 2097 1062 2167 admirabilis,

134 2184 412 2291 'consiiiarius
435 2204 550 2275 Deus,
578 2206 709 2278 fortis,
733 2190 842 2281 pater
864 2209 1061 2289 aeternus,

437 2311 622 2387 princeps
645 2310 768 2387 pacis

227 2438 285 2499 Hic
306 2440 392 2499 iocus
414 2425 579 2516 praecipue
601 2447 649 2499 est
671 2439 753 2498 varic
773 2443 943 2508 tractatus,
970 2444 1002 2497 et
1022 2437 1063 2496 la-

147 2544 391 2605 ceratusetiam.
419 2542 513 2605 immo
535 2551 616 2606 totus
637 2542 688 2605 hic
708 2551 819 2613 textus,
841 2558 934 2620 quern
960 2557 1064 2603 susce-

42 2686 46 2697 ,
148 2650 251 2725 pimus
279 2649 485 2722 tractandum,
518 2648 629 2710 misere
658 2657 688 2711 et
715 2634 864 2711 scelerate
892 2663 911 2707 a
939 2647 1061 2708 Judaeis

149 2762 196 2814 est
218 2754 396 2817 crucifixus,
436 2754 520 2817 Sicut
542 2756 620 2815 enim
642 2756 709 2833 ipse
731 2753 998 2834 puerxcrucifixus
1019 2762 1061 2814 est

148 2857 187 2918 ab
216 2859 276 2928 eis,
314 2861 359 2920 sic
387 2861 426 2929 ab
459 2860 566 2921 iisdem
595 2867 625 2920 et
658 2860 708 2920 hic
736 2861 823 2921 iocus
853 2868 884 2920 ct
911 2860 1061 2937 scriptura

150 2958 217 3039 ej'us
250 2965 384 3042 quotidie
415 2963 605 3040 crucifigitur.
648 2963 684 3026 m
714 2965 809 3025 nostri
845 2963 938 3025 etiarn
977 2965 1062 3024 inter·

151 3077 260 3146 pretes,
283 3078 315 3130 ut
336 3071 467 3131 maxime
490 3052 566 3138 sana
576 3072 744 3148 loquantur,
765 3078 867 3131 tamen
884 3072 971 3132 varic
985 3069 1063 3131 huno

144 3177 249 3236 ,iocum
271 3183 407 3237 tractant.
440 3175 644 3253 Hieronymus
667 3176 743 3236 satis
764 3168 872 3252 frigide
894 3177 1063 3249 ettenpiter

151 3296 219 3340 eum
242 3287 358 3343 tractat.
387 3280 465 3358 Lyra
484 3288 631 3358 ‘praestat
653 3281 734 3358 quod
757 3288 869 3358 potest,
891 3298 951 3342 nec
972 3270 1074 3361 textui

50 3400 62 3433 τ
152 3378 311 3445 satisfacit.
338 3385 496 3460 ‚Cogimur
531 3403 604 3463 ergo
644 3377 786 3447 attentius
825 3393 856 3446 et
889 3387 1065 3463 diligentius

152 3489 246 3548 verba
275 3489 364 3567 hujus
394 3493 451 3554 ioci
480 3470 635 3564 excutere,
669 3500 699 3554 et
720 3491 871 3562 meditari,
909 3497 1007 3569 'atque
1030 3509 1068 3552 ex

152 3594 401 3667 circumstantiis,
419 3604 461 3664 :et
482 3614 521 3659 ex
542 3616 623 3659 novo
645 3604 826 3664 testamento
848 3588 1016 3659 firmiorem
1038 3590 1068 3659 et

151 3699 380 3776 locupletiorem
415 3718 518 3764 corum
549 3705 729 3766 sententiam
752 3720 874 3775 eruore,
906 3710 941 3765 at
973 3720 1068 3782 supra
