2258 4170
392 197 459 275 cap.
481 192 510 258 9.
531 198 640 273 usus..
753 160 758 177 ”
898 156 976 260 Ι309

83 375 210 449 suetudit
230 374 283 438 hie
314 382 431 449 textus,
465 364 721 455 quodioporteat
743 373 826 439 hune
847 392 975 455 puerum

83 494 89 546 t
107 481 201 543 fliium
223 496 296 543 esse
307 484 473 543 naturalem
496 490 526 542 et
548 498 652 543 verum
666 480 766 555 deum,
788 484 861 562 quia
877 489 976 545 aeter·

83 604 128 650 am
156 585 265 664 dacem
296 588 384 659 dare,
416 596 570 650 aeternam
604 585 752 671 justitiam
782 587 914 662 adierre,
944 587 973 648 in

83 702 214 756 eternum
235 709 380 769 regnare,
402 701 450 754 est
471 693 502 754 in
522 709 616 770 regno
639 693 692 754 Dei
714 679 840 770 sederim
862 700 893 755 et
913 692 975 755 hoe

83 801 143 862 nius
164 798 236 860 iacit
257 799 353 871 deus,
387 798 466 861 haee
487 801 516 860 in
539 800 638 861 solum
660 805 835 878 competunt
855 800 974 875 Deum;

83 905 167 968 einde
188 911 220 965 et
233 874 406 967 ‘naturalem
428 912 459 964 et
481 916 587 965 verum
611 903 766 966 hominem
790 921 876 978 esse,
898 904 974 982 quie

83 1018 110 1073 st
128 1009 210 1072 iilius
232 1008 359 1070 Davidis
380 1017 436 1070 eie.
599 1079 603 1084 ,

141 1116 252 1193 Magna
280 1117 350 1176 tuae
379 1122 409 1176 et
435 1113 603 1177 incredibili
630 1115 817 1177 revelatione
847 1115 973 1193 spiritns
1072 1126 1076 1135 ·

83 1223 157 1282 nunti
185 1221 369 1283 illuminatus
390 1220 445 1282 tuit
464 1220 601 1293 Jssaias,
636 1236 705 1282 eum
737 1230 798 1283 taur
833 1222 913 1287 utare
944 1228 975 1283 et

83 1335 167 1390 nacte
196 1325 392 1402 descripserit
420 1332 450 1385 et
485 1322 702 1387 humanitatem
730 1333 760 1388 et
787 1325 973 1389 divinitatem

83 1431 179 1493 :bristi
220 1430 467 1502 nuntiemus,
499 1431 545 1491 sie
566 1437 596 1491 et
627 1430 677 1491 alii
707 1416 875 1508 nruphetae
896 1433 987 1504 satis,¹

83 1539 141 1599 iere
162 1532 414 1614 praediueuerunt
426 1544 456 1596 et
466 1536 694 1597 inculcaverant
706 1536 851 1598 Messium
866 1553 972 1599 verum
1056 1605 1059 1624 Ι

83 1649 157 1704 teum
178 1649 208 1703 et
231 1644 364 1703 omniurn
378 1643 537 1704 Dominum
560 1657 640 1712 esse,
663 1643 783 1703 sieutet
804 1658 862 1705 nus
884 1659 974 1720 prae·
1063 1696 1067 1701 .

83 1750 208 1811 tieamus.
246 1748 308 1809 Sed
331 1750 411 1809 sieut
433 1748 528 1810 nostri
547 1747 691 1824 Papistue
712 1748 837 1809 audiunt
858 1753 889 1809 et
909 1764 974 1810 are·

83 1856 152 1928 tunt,
192 1853 239 1917 sie
273 1862 303 1915 et
323 1853 440 1917 iudaei.
485 1854 597 1914 Verum
625 1852 704 1914 haee
722 1853 915 1916 incredibilis
943 1860 973 1915 et

83 1961 194 2022 unxina
214 1959 402 2037 iudaeorum
430 1958 550 2020 matitia·
569 1966 600 2019 et
626 1956 778 2020 obstinata
799 1957 974 2035 pervicacia

83 2074 115 2127 ast
132 2073 160 2126 et
179 2066 337 2142 impietas,
366 2065 449 2141 quod
470 2080 529 2125 non
552 2065 651 2125 solum
673 2062 841 2141 prophetas
863 2065 974 2141 legunt,

83 2171 122 2234 sed
149 2170 239 2233 hodie
271 2170 362 2232 ettam
390 2170 516 2231 audiunt
543 2176 604 2230 tam
645 2169 727 2230 utare
759 2169 876 2242 doceri,
911 2176 973 2231 tarn

83 2277 219 2338 manifeste
240 2276 378 2354 probari,
402 2274 552 2337 Christum
576 2291 681 2336 verum
703 2275 799 2336 deum
821 2282 851 2336 et
871 2273 971 2336 homi-

83 2398 141 2456 uem,
159 2388 189 2444 et
208 2389 309 2444 tamen
332 2387 415 2442 tanto
437 2381 538 2443 studio
555 2380 834 2453 manifestissimum
855 2386 971 2442 textum

83 2494 256 2565 corrumpunt
277 2495 308 2549 et
328 2487 506 2564 depravant.

147 2593 219 2654 Sunt
246 2599 276 2653 et
306 2594 384 2654 iuter
411 2591 615 2663 christianos,
648 2591 701 2670 qui
729 2590 782 2654 hie
806 2591 970 2668 judaizant.

83 2698 219 2777 Nunquam
243 2697 442 2760 credidissem
474 2699 603 2760 futuram
633 2702 748 2766 tantam
770 2698 971 2776 ignoruntium

83 2809 105 2864 et
119 2802 283 2866 socordiam
306 2805 334 2864 in
357 2805 470 2866 uostris
491 2803 648 2882 episeopis
669 2810 699 2864 et
720 2784 910 2880 nemoribus,
938 2810 972 2879 ut

83 2908 193 2971 sinerent
213 2909 350 2972 iudaeus
372 2917 476 2972 eontra
504 2909 585 2971 huna
606 2915 667 2970 tatu
699 2915 836 2986 apertum
857 2915 971 2970 textum

83 3015 346 3094 ndentpraevaiera
367 3023 399 3075 ut
421 3013 971 3093 etiamldirristianorum-quurttudam

83 3117 152 3182 idem
174 3122 384 3183 subverterent
415 3120 495 3182 etin
526 3121 701 3197 religionem
721 3119 879 3181 Judaiaam
902 3134 972 3197 per-

83 3226 219 3288 raherent.
263 3226 426 3302 Diligenter
453 3227 555 3304 itaque
581 3233 613 3288 et
645 3241 739 3304 saepe
766 3224 845 3286 haee
876 3225 971 3287 ineui-

84 3332 158 3393 uude
179 3338 252 3393 suut
272 3333 401 3409 pupulo,
429 3338 461 3393 ut
492 3331 533 3393 sit
553 3332 686 3393 munitus
708 3336 812 3392 eontra
833 3328 970 3392 iudaeos

83 3436 358 3508 ttdahnmetistus‚
395 3443 429 3497 ut
454 3436 481 3498 si
508 3437 631 3514 quande
659 3437 688 3496 in
719 3443 872 3497 certamen
899 3452 968 3497 eum

83 3543 183 3606 ndueis
205 3541 452 3604 deseendendum
474 3549 570 3614 esset,
604 3549 740 3620 potenter
764 3556 821 3604 ens
843 3541 968 3603 convin-

83 3664 129 3713 ers
150 3649 278 3726 possint.

121 3753 270 3817 Primum
291 3751 526 3831 igiturumnium
548 3751 780 3832 hnuageudum
801 3759 834 3816 ut
855 3768 966 3834 vepres
