2258 4170
379 242 381 248 .
421 118 509 250 ¹(lura
530 167 564 272 9.
580 172 689 232 Eumae.
958 141 1049 276 395ἱ
1112 226 1116 234 ,

109 368 244 432 (luorum
263 350 326 419 dux
347 358 412 424 erat
425 351 558 425 'Gideon
580 352 693 414 nullum
711 349 843 427 gladium
859 309 1022 448 ''educenti-
1048 411 1052 419 „

110 459 183 531 bue,
206 458 268 520 ime
289 456 363 518 nihil
383 456 472 519 aliud.
487 454 659 534 agentibus,
680 472 774 535 qnam
796 455 878 534 quod
899 455 1024 532 singuli,
1081 514 1084 518 ,

108 571 142 626 ut
163 562 236 638 diru,
258 566 401 625 starent
393 580 423 624 ιι
444 565 512 640 loco
534 580 602 637 sun,
625 557 762 625 tenentes
784 579 877 638 manu
897 562 1021 624 sinistra
1087 582 1096 592 “

107 671 250 733 lucernas
285 670 442 764 ardentes,
484 669 592 765 dextra
624 677 724 769 autem
760 669 868 748 tubas,
910 664 1023 747 quibus
1088 727 1090 735 ,

85 775 345 869 clangebant.-
1062 759 1069 765 ’
1109 768 1111 774 '

191 879 279 942 Hanc
299 879 470 947 historiam
480 880 618 957 celebrat
635 881 692 944 bic
707 850 866 953 Ezechias,
888 879 1022 943 celebrat
1049 890 1051 898 '

107 955 188 1066 eam
201 993 231 1048 et
252 985 352 1047 David
367 986 488 1050 Psalmo
508 984 570 1062 72,
580 990 633 1051 ubi
647 981 703 1053 de
707 989 821 1051 Massia
841 986 1024 1049 vaticinatur
1065 1017 1076 1043 t

105 1091 224 1167 dicens,
245 1092 417 1165 Descendet
438 1093 518 1156 sicut
539 1096 644 1172 pluvia
665 1094 696 1156 in
717 1096 833 1165 vellus,
855 1095 937 1156 sicut
952 1092 1022 1154 stil·
1069 1174 1071 1179 ,
1122 1120 1126 1127 =

104 1199 157 1259 lae
179 1198 342 1274 irrigantes
363 1206 483 1263 terram.
524 1179 634 1279 Petiuit
660 1201 739 1280 enim
762 1199 879 1263 Gideon
900 1199 1021 1276 signnm
1051 1181 1056 1250 '-

105 1302 190 1378 boc,
210 1312 244 1368 ut
265 1321 317 1369 roe
338 1304 540 1368 descenderet
561 1309 591 1368 in
614 1309 711 1370 vellus
733 1292 764 1370 et
784 1308 868 1398 sicca
889 1312 1038 1384 maneret¹
1107 1357 1109 1361 .

105 1416 200 1476 terra.
234 1408 368 1473 Rursum
386 1413 502 1490 petivit,
524 1416 677 1478 utvellns
698 1421 785 1478 esset
805 1413 1024 1503 siccumterra

103 1533 181 1579 rore
199 1532 378 1595 conspersa.
422 1517 536 1582 ludaei·
552 1528 582 1583 et
602 1519 684 1584 hunc
712 1521 830 1594 locum,
858 1527 892 1583 ut
912 1516 1023 1592 emnia,
1069 1541 1088 1563 w

99 1623 296 1702 depravant,
328 1624 426 1693 etsic
453 1625 596 1702 reddunt,
630 1627 798 1691 descendet
817 1626 897 1688 sient
917 1625 1022 1704 pluvia

107 1746 205 1809 super
225 1738 364 1807 tonsum,
386 1729 446 1798 bne
468 1740 531 1807 eat,
551 1733 582 1795 in
603 1741 726 1813 pratum
746 1741 868 1797 tonsum
889 1719 947 1794 seu
968 1730 1030 1794 ἀι.
1052 1801 1054 1805 ,
1116 1723 1119 1729 ’

106 1846 237 1901 sectum·
255 1845 307 1900 aut
333 1836 522 1903 demessum.
564 1839 626 1919 Sed
654 1841 837 1926 vccabulum
860 1837 1021 1900 Ebraicutn

105 1943 261 2021 signifieat
282 1944 405 2025 proprie
424 1947 612 2018 tonsionem,
643 1947 723 2009 sicut
749 1938 826 2010 oves
859 1936 1035 2031 condamm

107 2066 205 2129 super
225 2058 347 2117 tonsam
367 2049 485 2116 lanam

164 2156 266 2220 Cum
294 2156 399 2237 itaque
425 2157 505 2220 haec
532 2141 708 2221 historiae
735 2157 852 2229 Daride
873 2162 911 2219 et
929 2095 1043 2219 nsaia-

106 2262 159 2325 hic
195 2264 381 2338 celebretur,
425 2242 645 2328 commendata
677 2281 749 2347 esse
789 2264 879 2327 nobis
922 2261 1024 2334 debet,
1113 2349 1115 2352 Α

106 2370 494 2448 lectionequedignissima
516 2378 571 2435 e'st.
606 2371 834 2434 Gloriosissima
854 2370 934 2451 enim
957 2369 1023 2431 vic·
1086 2422 1089 2428 .

107 2460 187 2541 toria
201 2476 289 2539 baec
310 2478 365 2540 luit
386 2478 533 2541 Gidennis
561 2479 599 2539 da
621 2476 803 2551 Madianitis,
825 2474 1034 2538 Amalecbitis‘

107 2594 138 2648 ct
159 2571 330 2656 Arabibns,
359 2583 551 2661 gravissimis
572 2591 603 2645 et
624 2572 845 2662 potentissimis
868 2568 1021 2655 hostibus,
1062 2599 1075 2676 ᾗ

74 2756 76 2760 ,
107 2699 220 2754 cuncta
243 2690 436 2757 vastantibus
451 2704 553 2769 usque
574 2689 613 2751 ad
635 2691 788 2754 introitum
799 2684 911 2760 Ganae,
932 2687 1019 2749 nihil·

105 2814 171 2876 que
196 2795 246 2875 (nt
267 2795 362 2858 habet
383 2797 503 2873 textus)
534 2797 657 2858 omnino
684 2797 838 2858 advitam
866 2794 1020 2874 pertlnens
1074 2810 1078 2818 ‘

103 2896 136 2966 iri
158 2903 252 2967 lsrael
272 2902 526 2980 relinquentibus,
536 2918 607 2964 nnn
630 2918 720 2975 ovas,
741 2918 802 2965 non
824 2882 936 2973 boves,
958 2914 1018 2961 nnn

104 3007 447 3086 asinos.lpsren1mct
467 3000 603 3070 universi
623 3024 734 3085 greges
747 3024 852 3072 eorum
875 2990 1035 3069 venerant

103 3134 177 3180 cum
195 3111 403 3178 ‘tabernaculis
418 3114 484 3176 suis
507 3122 537 3176 ct
557 3116 654 3178 instar
665 3117 850 3178 locustarum
872 3114 1017 3176 universa

102 3223 311 3302 complebant,
333 3221 490 3283 innumera
510 3220 668 3283 multitudo
689 3219 845 3283 bominum
868 3228 898 3282 et
919 3230 1030 3281 came-'¹

101 3331 221 3403 lorum,
244 3326 393 3406 quidquid
415 3327 586 3403 tetigerant
597 3327 804 3390 devastantes.
975 3334 977 3338 '

162 3456 166 3493 :
191 3432 413 3498 contrabium
444 3439 593 3503 tantorum
616 3432 752 3504 bostium
772 3441 835 3528 tres
856 3432 1020 3495 intestissi·

100 3542 176 3622 mes
199 3546 229 3600 et
250 3537 404 3601 maximos
425 3521 592 3614 exercitus,
624 3539 740 3602 Gidecn
762 3521 825 3602 tres
846 3538 949 3600 itidem
972 3552 1021 3601 or·
1048 3518 1050 3522 Α

99 3646 195 3708 dines
216 3661 275 3708 seu
296 3643 380 3705 acies
411 3645 544 3718 ordinat,
578 3645 664 3708 sed
656 3646 764 3730 rmpari
787 3645 904 3708 virtute
948 3645 1020 3706 ’ire-

99 3757 211 3816 centcs
239 3750 376 3814 enimin
405 3757 467 3813 tres
499 3752 583 3814 acies
605 3732 770 3827 distribuit,
799 3766 918 3831 eosque
938 3749 1019 3812 miri·
