2258 4170
107 168 170 239 illd
418 177 562 238 Enarratio
583 178 698 239 uberior

107 355 270 434 suspendi,
298 357 371 435 quis
399 353 562 420 mansurus
592 365 642 420 εει
668 359 698 418 ιιι
728 341 891 419 aeternum.
929 356 985 439 drgo

54 507 56 513 .
106 469 210 523 oontm
231 464 329 540 legem
351 473 381 524 et
401 461 570 542 prophetas
589 462 808 540 judimotdioi‚
829 462 988 540 quodenset

105 567 286 630 exaltandus
324 576 377 631 aut
407 568 606 630 occidendus.
657 569 742 629 llaec
781 567 926 629 inuulouta
951 588 990 648 per
1038 572 1043 631 ἰ

105 672 287 736 sinceriores
309 673 452 736 doctores
472 671 638 736 haeserunt
658 675 688 734 in
719 672 849 750 populu,
881 678 910 732 ει
931 673 991 742 iana
1041 646 1043 697 ἓ

104 778 143 839 de
152 778 286 841 llessiae
295 779 472 863 aeternitate
483 778 715 857 persuasionem
729 794 771 839 ex
784 777 845 838 ltoo
857 778 921 839 loeo
931 797 992 857 quo.

105 901 166 961 que
186 892 217 947 et
237 884 387 947 similibus
409 883 486 947 louis
506 883 725 963 prophetarum
745 881 921 945 hauserunt
1040 892 1043 955 t

186 991 278 1053 Plane
310 1007 385 1068 ergo
411 990 510 1053 insuni
537 998 568 1051 ει
599 990 682 1052 omni
714 995 816 1053 mente
844 989 921 1067 eapti
939 1005 993 1056 aunt
1040 978 1043 1039 ῑ

106 1094 213 1158 Judaei
245 1097 353 1158 hurum
385 1088 580 1174 temporum,x
604 1096 689 1173 quod
729 1101 836 1157 eontra
868 1093 992 1170 majorum
1041 1144 1043 1183 ÷

107 1218 232 1264 suornm
259 1201 426 1264 doctrinam
454 1208 486 1262 ot
512 1201 692 1262 seutentiam
721 1200 840 1270 dieunt,
872 1186 1043 1291 ldesslamssi

104 1304 235 1367 loturum
263 1312 435 1380 mortalem,
468 1306 578 1367 deinde
598 1306 696 1382 legem
713 1296 784 1367 'non
812 1305 992 1382 auterendau,
1041 1312 1043 1373 l

104 1409 383 1475 sedstabiliandam
398 1427 471 1475 esse
485 1412 568 1472 velut
580 1413 680 1472 lueem
692 1418 858 1472 aeternam.
885 1410 992 1475 dllles
1039 1480 1043 1503 ἰ

104 1514 170 1576 sias
197 1515 223 1576 si
252 1517 371 1580 iuturus
400 1526 449 1580 εει
482 1517 634 1592 mortalis,
672 1523 755 1577 uerte
787 1532 843 1577 rex
875 1524 993 1580 aetarnae

99 1617 236 1695 justitiae
258 1638 330 1684 esse
351 1623 463 1701 nequit,
484 1624 564 1693 item,
586 1622 677 1683 silex
698 1628 849 1700 perpetuo
863 1626 911 1683 ost
929 1637 995 1684 man·

103 1741 186 1798 sura,
207 1743 261 1789 eur
271 1726 411 1790 christus
424 1728 596 1806 promissus
612 1736 660 1789 est
677 1709 899 1805 patribueante
909 1726 997 1802 legem,

105 1832 158 1909 qui
192 1832 337 1895 allaturus
372 1841 438 1895 erat
469 1831 548 1894 aliud
581 1847 680 1909 genus
717 1831 882 1894 doetrinae
908 1833 1000 1896 melius

105 1953 198 2016 quam
219 1940 269 2000 lex
291 1938 376 2000 erati
411 1939 468 2000 llic
489 1937 593 1998 videre
614 1945 671 2008 est,
693 1944 808 2015 quanta
829 1937 869 1999 sit
889 1924 1002 2010 illorum,

106 2059 200 2121 quam
221 2044 372 2122 stupenda
393 2052 424 2105 ει
444 2042 598 2105 horrenda
618 2042 772 2115 caecitas,
807 2057 900 2119 quam
920 2044 1005 2122 scrip·

106 2156 203 2210 turam
233 2151 355 2211 omnino
383 2165 443 2211 non
470 2148 646 2225 intelligant
687 2149 827 2225 Agamus
849 2149 939 2226 igitur
957 2166 1007 2212 noe

57 2287 62 2303 ·
106 2254 170 2316 Deo
203 2256 330 2332 gratias,
368 2255 450 2333 quod
483 2256 600 2316 seimus
621 2253 768 2316 Messium
805 2270 879 2315 esse
912 2271 1009 2316 vorum

107 2356 161 2442 llei
182 2357 404 2431 flttumstmmo
428 2376 533 2422 verum
554 2360 665 2429 Deum,
697 2368 728 2420 et
748 2368 874 2437 propter
895 2375 953 2421 nos
972 2362 1012 2422 ia-

106 2469 187 2526 ctum
217 2464 385 2538 hominem,
414 2474 443 2526 et
471 2465 631 2528 habitasse
651 2463 680 2525 in
703 2464 810 2537 nobis,
844 2472 878 2527 ut
901 2465 1013 2527 videre-

106 2585 175 2632 mus
197 2571 323 2647 glorium
345 2571 413 2648 ejus
435 2578 493 2635 ete.
528 2569 658 2632 lohaun.
681 2567 708 2632 l.

189 2675 325 2739 ludaeos
346 2677 436 2754 igitur
456 2683 603 2753 negantes
621 2674 774 2739 christum
795 2692 900 2752 regem
923 2684 1017 2738 aeter·

108 2797 180 2842 num
201 2789 232 2843 et
252 2782 319 2858 eius
339 2798 465 2859 regnum
494 2782 652 2860 spirituale
678 2797 764 2853 esse,
794 2781 948 2860 propheta
969 2781 1018 2844 hie

108 2892 141 2947 ut
160 2887 191 2947 in
212 2887 317 2949 densis
339 2895 369 2956 ει
390 2888 547 2966 profundis
563 2886 698 2949 tenebris
719 2887 912 2949 ambulantes
935 2905 1019 2949 uom-

108 2992 215 3068 pellat‚
237 2993 357 3064 dicens,
382 2994 445 3056 Vos
466 2993 574 3055 ludaei
596 2993 677 3056 stulti
699 3000 730 3054 ει
750 2995 859 3065 oaeei‚·
883 2995 1017 3056 somnia-

108 3095 147 3158 tis
169 3096 314 3160 Messiam
335 3101 465 3161 tutorum
488 3097 684 3161 monarcham
707 3098 908 3172 mundanum,
942 3116 1018 3178 qua-

107 3201 144 3264 lis
165 3203 338 3264 Alexander
365 3213 395 3265 ει
416 3207 576 3281 Augustus
604 3205 672 3277 luit,
703 3204 775 3264 item
804 3205 903 3280 legem
937 3206 1017 3266 iutu-

8 3384 12 3402 ‚
109 3323 173 3368 ram
197 3315 347 3370 aeternam
370 3311 469 3370 lueem
496 3325 564 3370 oum
592 3309 659 3370 suis
688 3308 862 3383 sacrifieiis,
895 3313 1024 3388 templo,⁴

110 3414 310 3475 eaeremoniis
333 3431 369 3475 ao
398 3415 548 3489 cultibus3
581 3414 747 3490 sedlonge
769 3423 800 3475 et
833 3423 897 3478 toto
930 3418 1020 3479 coelo

109 3518 224 3578 erratis.
268 3519 376 3580 Veniet
398 3519 478 3581 enim
499 3535 557 3580 suo
585 3527 721 3597 tempore
743 3520 891 3594 Messias,
917 3521 1021 3584 lucem

110 3621 199 3683 aliam
230 3623 320 3700 longe
353 3624 639 3687 excellentissimam
660 3631 691 3687 et
711 3622 912 3689 clarissimam
946 3626 1023 3689 atla-

108 3735 209 3804 turus‚
243 3744 323 3810 quae
351 3729 409 3793 ltus
432 3728 578 3793 ¹'tenebras
605 3739 637 3793 et
660 3733 810 3810 populum
832 3732 862 3794 in
885 3733 1022 3798 tenebrle
