2258 4170
420 194 485 267 Gap.
512 185 562 252 53.
583 192 692 250 Esaiae.
760 243 773 258 ,
953 174 1014 250 451
1106 152 1119 181 Χ

93 367 278 430 confitemur
299 384 368 429 eum
390 370 569 441 exaltatum,
596 372 698 432 salvat
722 385 780 431 nos
800 371 833 431 in·
852 333 1017 438 ceramum,
1084 371 1088 381 “

96 489 137 534 ac
159 473 240 534 beati
270 481 333 534 tum
356 476 470 535 crimus
491 474 707 550 cognoscendo
733 482 762 534 ct
784 475 915 538 videndo
937 478 1015 551 eum.

183 578 219 640 Et
231 595 405 657 quanquam
418 580 554 642 inebriati
567 583 657 657 quasi
671 586 702 640 el
714 580 815 640 satiati
827 588 857 641 et
868 572 946 656 pleni
959 582 1016 641 eri·

97 702 172 746 mus
183 685 243 746 trac
254 685 434 760 cognitione
454 693 555 747 tamen
568 702 720 762 nunquam
732 685 836 746 satiari
846 686 1016 763 autrepletl

99 791 172 852 istis
203 791 389 852 coelestibus
417 791 510 864 rebus
533 792 714 868 poterimus,
742 791 958 866 gaudebimus,
986 800 1019 852 et¹

101 897 278 965 mirabimur
304 911 373 957 cum
402 897 517 972 augelis
547 898 575 958 in
609 896 805 973 perpetuum,
829 896 855 957 1.
886 896 963 959 Patr.
986 897 1015 959 l.

101 1002 171 1062 Meu
193 1017 266 1078 ergo
295 1001 411 1077 judicic
433 1001 483 1062 hic
510 1003 722 1080 propriissime
753 1011 783 1063 et
812 1004 943 1066 maxime
972 984 1029 1061 m?

103 1094 253 1184 telligatur
273 1108 409 1168 secunda
427 1108 579 1180 exaltatio,
601 1094 683 1186 quae
704 1107 737 1168 fit
758 1123 819 1184 per.
834 1123 896 1170 nos·
914 1108 944 1187 lu
966 1123 1016 1169 ec-

103 1214 198 1274 clesia
219 1229 274 1303 per
290 1213 488 1275 ministerium
510 1214 605 1285 verbi,
626 1229 689 1293 qua
710 1213 862 1274 exaltatur
877 1212 1017 1278 christus

61 1398 68 1407 ν
103 1317 186 1396 apud
209 1334 267 1380 nos
288 1319 317 1378 iu
340 1318 468 1379 salutem
492 1325 657 1382 aeternam.
689 1319 734 1380 De
756 1320 928 1397 particulari
949 1318 1018 1380 sive
1068 1307 1071 1313 ’

100 1425 256 1500 personali
279 1425 461 1487 exaltatione
482 1425 559 1485 intra
578 1424 732 1486 dic'eutus.¹
834 1428 837 1435 '
879 1506 883 1515 .
1122 1413 1125 1422 '

165 1526 336 1607 Minimo
357 1531 516 1591 Hebraeis·
539 1530 703 1591 discrimen
735 1531 823 1592 trium
852 1531 1017 1591 vccabulu-

100 1636 366 1706 ram-crulanda·
383 1652 464 1713 quae
487 1638 545 1697 riori
566 1634 646 1696 cutis
665 1636 808 1697 distincte
838 1643 869 1696 et
895 1637 1018 1714 proprie

99 1741 221 1804 deliniri
240 1750 381 1818 possunt.
411 1743 542 1802 Primum
564 1745 634 1812 nin
646 1739 679 1815 *l
696 1749 744 1802 eat
757 1739 857 1813 altum,
879 1744 1018 1816 sublime,

99 1838 207 1935 aquo
228 1854 383 1935 Abrahpm
412 1863 498 1931 pater
524 1855 620 1925 altus,
656 1862 686 1914 et
719 1862 819 1915 tamen
853 1836 1019 1933 usurpatur

100 1963 194 2025 etiam
224 1963 262 2023 dc
284 1961 378 2020 altera
400 1961 596 2032 exaltatione,
619 1966 651 2019 ut
673 1959 767 2031 Paci,
809 1959 958 2022 Exultabc
980 1964 1018 2036 td,

100 2068 427 2136 Dominelleus-meus
440 2066 512 2137 Rex,
535 2067 566 2126 id
586 2073 642 2137 eat,
660 2064 801 2136 laudabo,
824 2062 1018 2144 glorificab03

89 2156 230 2239 ‘altitudo
265 2173 428 2242 montium,
466 2171 536 2235 Eaa.
556 2169 592 2243 2,
636 2164 736 2247 Supr'a
768 2186 874 2232 omnes
907 2171 1023 2233 cedros
1053 2250 1061 2263 ,

102 2285 193 2354 altas,
215 2281 249 2341 ic·
267 2294 329 2361 quc
353 2280 421 2339 leco
443 2276 593 2354 propheta
615 2277 716 2337 multia
739 2276 898 2359 uocabulis
919 2274 1021 2350 utitur·

103 2398 188 2466 (puae
210 2384 396 2446 altitudinem
419 2382 605 2460 significant,
640 2382 696 2444 sed
728 2384 791 2443 lere
813 2397 922 2443 omues-
942 2384 1020 2443 istac

101 2488 338 2572 appellatores·
351 2488 517 2549 ratramus
539 2492 611 2549 cmc
626 2487 825 2564 metaphorae
847 2484 1021 2562 stgnrccan.
1075 2464 1081 2489 “

103 2610 153 2661 tes
182 2595 319 2674 mortarii·
338 2600 376 2656 et'
397 2594 587 2672 superviam,
622 2602 654 2655 ut
674 2593 753 2655 Psal.
777 2589 851 2664 131,
886 2590 952 2652 Non
976 2601 1023 2653 cst
1096 2645 1098 2651 .

105 2706 276 2769 exaustum
305 2712 358 2762 cor
385 2714 501 2770 meum,
534 2696 592 2778 gd>
614 2696 683 2778 gele
710 2697 787 2773 uiuit
812 2690 884 2774 iudi
905 2692 1022 2777 δεκίης

105 2812 343 2888 opulentus’est
364 2807 531 2876 exaltatus,
553 2803 622 2869 citt
642 2802 791 2882 putltttat
812 2791 877 2880 ilii,
900 2796 1023 2878 quincto

106 2915 234 2996 aliquia
247 2921 295 2976 est
316 2926 387 2973 curu
405 2904 668 2986 laudegluricsus,
691 2906 814 2987 quan‘dc
836 2907 954 2968 scilicet
973 2912 1025 2968 ac-
1066 2888 1071 2895 ’

107 3023 192 3086 cedit
214 3021 309 3082 altera
330 3016 489 3089 exaltatio,¹
503 3010 693 3088 utla'irdetur',
708 3012 883 3085 celebretur,
905 3010 1025 3090 p‘raddl·

109 3133 197 3190 cetur
218 3120 465 3188 ali-huminibus.
555 3116 580 3147 ⁷'
619 3106 623 3115 ’
651 3124 682 3141 ·“
885 3128 890 3141 ·
1106 3115 1110 3121 ’

193 3232 241 3294 Sit
254 3230 353 3308 ,igitur
373 3226 435 3289 huc
449 3226 610 3288 discrimen
627 3220 704 3307 (ego
716 3220 831 3286 tantum
853 3221 923 3303 hoc¹
935 3222 1027 3286 moda

109 3332 323 3418 imaginabar)
339 3334 472 3397 Libanus
494 3340 641 3394 estmons
663 3326 803 3408 new),
814 3329 844 3391 id
861 3338 917 3401 est,
940 3331 1029 3403 altus,

110 3462 210 3531 supra
229 3442 320 3512 'huuc
349 3454 397 3510 est
433 3445 542 3538 aliquia
570 3446 669 3519 collis,
699 3428 757 3525 ¹qui
780 3443 878 3520 magia
905 3436 955 3504 es'l
975 3454 1029 3504 ex·

110 3561 243 3630 altatus,
277 3554 367 3618 tertio
389 3552 539 3630 imaginor
559 3552 683 3616 cedrum
716 3550 849 3630 aliquam
871 3556 1029 3628 proceram

77 3744 90 3759 ”
183 3760 544 3853 ⁸)ruet1cttllt21tom.
589 3768 941 3842 ”mercedum
1004 3802 1008 3809 ·
1060 3762 1063 3767 ’

223 3884 235 3895 ι
288 3880 291 3885 ’
749 3859 861 3944 Ut*
967 3858 971 3865 '
