2258 4170
401 195 404 199 ¹
520 114 628 175 Esaiam
979 106 1043 175 286
1113 157 1118 174 ,

330 288 411 375 [Qui
433 264 759 367 immolatouesl)
783 301 841 356 etc.

213 414 365 478 Haamnus
391 412 551 488 tempium,
575 409 640 485 jam
672 413 764 474 etiam
784 428 876 476 usum
897 419 928 473 ct
949 428 1044 491 opere

73 556 78 574 t
143 513 246 598 templi
261 512 379 597 abiicit¹
415 518 534 592 Atiegat
560 524 662 580 autem
684 519 885 582 ideo‘crassa
907 525 1044 595 paccata,

73 644 75 651 ’
139 626 373 698 tacereeaedem,
394 637 510 696 cauom,
532 621 716 684 autsuiitum
731 622 912 695 sanguinem
933 610 1053 688 oiierrc'

137 743 198 803 etc,
217 731 296 808 quod
313 730 494 810 hypocritae
515 726 685 819 spiritualia
707 732 834 803 peccata
855 745 916 790 oon
938 729 1045 792 intelli·

135 837 249 921 gabant,
284 837 387 915 qualia
417 842 487 898 sunt
507 849 617 911 rapere
639 832 805 894 divinitatis
825 835 970 911 gloriam,
1006 835 1042 899 sc

135 948 220 1010 ticum
250 942 352 1004 iacere
385 950 443 1004 etc·
476 936 666 1001 'sacrificare
697 938 776 999 eninr
803 922 869 1003 erat
894 942 1043 1019 optimum

133 1054 324 1114 humanorum
354 1062 481 1126 operum
510 1052 541 1106 et
572 1043 678 1106 aDeo
698 1054 895 1131 pracceptum
918 1065 1042 1128 quoque
1096 1041 1100 1047 ’

91 1190 95 1197 -
135 1164 164 1222 ct
180 1162 270 1214 tamen
287 1153 362 1215 dicit
382 1170 443 1214 uon
464 1151 564 1212 miuus
587 1148 792 1213 abominabile
814 1168 900 1227 assa,
922 1154 948 1215 ei
970 1156 1041 1232 quis

73 1288 76 1293 ·
135 1256 273 1327 sannicet
292 1254 372 1320 'cum
393 1255 643 1336 praesumptione
664 1257 769 1334 oparis
782 1259 924 1336 'operatr„
948 1268 978 1322 at
999 1261 1041 1324 ita

73 1382 80 1419 t
135 1369 219 1430 Deum
249 1365 423 1426 mendicum
456 1364 561 1435 iaciat,
593 1376 692 1440 quam
730 1363 758 1424 si
789 1364 914 1426 caedem
941 1365 1041 1442 iaciat,

73 1485 81 1523 2-
136 1488 188 1536 non
214 1456 296 1548 quod
317 1471 402 1532 Daus
433 1467 583 1531 sacrificia
617 1467 794 1551 simpliciter
814 1470 952 1546 damnet,
985 1473 1041 1536 sod

74 1572 85 1627 ἶ·
124 1576 198 1667 ι(μιίιι
211 1583 418 1653 praesumunt,
439 1584 549 1638 utnon
570 1582 700 1637 tremunt
720 1575 760 1638 ad
782 1591 942 1640 sermones
964 1576 1041 1654 ejus,

74 1692 86 1732 ἒ
138 1683 196 1764 quia
223 1692 388 1760 praecepio
415 1681 584 1758 negligunt,
619 1689 649 1742 et
676 1680 804 1758 gratiam
828 1686 1039 1761 aspernantur.

73 1816 83 1848 .·=
139 1782 314 1855 Sic'minus'
334 1787 460 1851 offendit
479 1786 575 1855 Deum
609 1788 774 1849 maximum
803 1794 905 1851 coram
928 1789 1040 1854 mundo

73 1930 96 1979 ·.
141 1901 289 1976 peccatum,
316 1911 410 1973 quam
433 1908 553 1956 summa
571 1892 698 1968 justitia,
719 1901 750 1955 et
771 1896 945 1971 arguit-aus
967 1912 1039 1974 esso

73 1984 108 2079 if,
140 2001 363 2093 profanissimos,
386 2000 526 2079 quisunt
547 1999 732 2062 sanctissimi
754 2001 784 2061 iu
807 2001 954 2077 speciem.
989 2001 1040 2064 Sic

73 2084 91 2193 ’ξ
139 2107 259 2170 monachi
276 2109 399 2185 quoties
424 2106 551 2168 misaam
572 2106 734 2177 celebrant,
756 2107 881 2184 graciam
903 2116 1041 2185 peccaut,

73 2206 92 2301 ἕξ
139 2213 252 2291 quamsi
266 2213 393 2275 caedem
410 2212 530 2284 iaciant,
551 2217 599 2272 est
620 2198 699 2271 enim
721 2210 935 2289 blasphemum
956 2229 1038 2290 opus

73 2310 84 2401 ἔ
136 2324 182 2382 etc.
211 2316 285 2381 Sunt
297 2335 410 2397 magna
419 2318 549 2380 tonitrua
571 2325 674 2379 contra
689 2316 836 2395 iustitiam
859 2316 1038 2396 operum2).

73 2426 81 2475 ἒ
199 2485 304 2548 Haec
325 2487 458 2573 omnia
479 2487 681 2561 clegerunt
703 2487 740 2546 in
763 2485 838 2547 viis
860 2478 973 2548 suis'

200 2608 390 2682 acceperant
417 2601 566 2665 sacrificia
594 2621 614 2665 a
641 2602 750 2675 Mosa·
772 2620 845 2680 crgo
874 2622 934 2667 oon
964 2615 1034 2670 eunt

73 2768 78 2783 ,
125 2705 253 2781 ipsorum
276 2711 369 2773 viaet
398 2709 598 2789 Respondeat
621 2700 797 2773 .Sacriflcia
819 2721 909 2773 vocat
930 2729 1035 2776 corum
1100 2701 1102 2703 ’

123 2810 206 2887 rita,
235 2817 305 2894 quia
335 2833 372 2879 aa
392 2817 544 2880 iaciebant
564 2816 710 2892 negteotis
731 2818 904 2895 praeceptis
926 2826 956 2880 at
974 2821 1036 2884 riis

88 2911 183 2991 itai,
221 2920 279 2983 hoc
311 2931 373 2996 ast,
409 2923 475 2985 sinc
502 2922 563 2984 fida
595 2929 625 2984 at
646 2922 714 2985 sina
734 2922 858 2999 timore,v
887 2933 1033 3003 tanquam

113 3026 269 3090 meritoria
286 3027 432 3104 justitiae.

344 3211 466 3274 Etiam
488 3184 560 3290 ego
581 3213 721 3290 eligam
744 3222 802 3279 etc.

202 3330 249 3391 Sic
261 3321 450 3407 quaerebant
472 3330 531 3407 ipsi
554 3332 708 3409 propriam
720 3316 929 3413 'justitiam
949 3306 1033 3399 (inri-x

103 3439 321 3465 --.....-

121 3562 125 3569 ¹
189 3490 218 3560 ⁴¹)
239 3494 419 3563 Reprehendit
437 3508 517 3562 opera
535 3493 737 3581 hypocritarum.

184 3586 217 3655 1)
243 3589 272 3642 in
297 3587 556 3644 eri.1532:nrem
585 3598 636 3648 eto.
672 3589 701 3658 2)
719 3590 749 3646 In
769 3592 810 3647 ed.
830 3591 898 3647 1⁵³2
919 3591 1029 3663 tegitur:

96 3673 242 3740 iustitiam
262 3684 403 3754 proprioru.
