2258 4170
90 210 92 221 .
166 152 229 219 448
472 158 626 250 Enarratio
649 157 763 217 uberior
787 146 793 158 ⁸
839 171 843 177 ·

167 351 232 397 ram
255 334 324 408 Dei,
357 290 508 429 christum
536 335 575 396 ad
600 320 772 409 sinistram,
807 350 870 413 quo
895 332 992 394 ionuil
1011 347 1073 393 cun

101 450 103 455 ’
169 441 282 502 vivere
315 439 376 501 Sed
386 455 488 501 novus
498 439 597 503 Tusco
606 443 761 522 appellat
752 456 787 504 se
800 441 955 501 inimicum
966 434 1075 509 Ghnstr

129 528 132 541 ¹
168 544 323 607 llahomet
330 545 437 609 laudat
450 560 528 617 eum
551 547 607 608 sed
620 554 654 610 ιιι
664 564 772 626 purum
784 545 950 608 hommem
985 540 1076 616 Quare

167 651 226 713 ls'ta
239 652 394 727 ,exaltatio
416 668 475 735 non
498 652 626 727 pertinet
647 654 746 715 solum
768 651 818 724 ad,
831 666 910 712 suae
933 663 1077 724 personae

167 751 333 842 priyatom·
345 757 572 831 exaltationem,
604 759 747 836 quamvis
768 756 847 818 haec
871 753 1075 831 praerequira-

51 917 54 922 .
167 870 222 933 tur,
245 862 300 924 sed
315 863 445 953 maxime
457 863 497 922 ad
510 862 610 939 ipsam
628 853 900 941 praedicationem,
922 859 997 937 quia
1018 873 1076 934 reg:

167 953 256 1029 num'
275 965 385 1029 Ohristi
416 967 581 1029 doctrinale
614 969 770 1031 ministerii
806 963 892 1030 verbi
915 971 990 1045 est,
1023 981 1075 1040 quo

165 1075 316 1139 exaltetur
337 1073 433 1143 Deus,
468 1080 499 1133 ιιι
531 1082 603 1136 sunt
631 1077 722 1137 multo
750 1073 880 1139 illustria
910 1069 1075 1146 testimonia

166 1179 196 1241 in
211 1178 350 1250 Psalmis,
371 1185 412 1250 ut,
434 1176 608 1242 liualtemus
622 1197 730 1242 nomen
745 1180 821 1256 eius,
831 1181 922 1249 item,
947 1173 1076 1237 Exaltcre

167 1300 262 1361 super
283 1284 403 1363 coelos,
435 1284 522 1357 item,
548 1283 705 1348 lixaltatur
726 1300 842 1349 nomen
859 1290 948 1346 tuum
971 1281 1000 1341 in
1020 1282 1075 1340 uci-

19 1370 29 1392 ’
159 1373 260 1452 'versa
282 1397 371 1451 terra.
540 1451 542 1456 Α

118 1484 124 1501 ’
250 1495 389 1559 Exaltare
400 1507 474 1570 ergo
487 1496 647 1570 personale
657 1496 794 1574 seqnitur
814 1496 886 1558 illud
911 1428 1121 1563 doctrinale

169 1601 270 1681 quod
281 1608 329 1663 est
356 1592 454 1663 laudis
483 1607 513 1660 et
541 1601 668 1689 gloriae,
701 1610 733 1663 ut
760 1618 810 1663 res
838 1602 977 1676 exaltata
998 1597 1075 1659 etian

47 1714 52 1728 “
168 1708 346 1770 celebretur.
380 1706 509 1791 Resest,
528 1707 619 1784 quod·
632 1707 813 1782 resurrexim
836 1705 892 1769 sed
916 1721 975 1782 per
987 1719 1076 1764 cvan-

169 1814 280 1892 gelium
307 1796 448 1873 tott'orbi
471 1811 669 1888 praedicatur.
690 1812 734 1872 lbi
751 1812 856 1874 laudat
874 1811 909 1872 ‘et
930 1806 1076 1885 condietur

88 1974 106 1989 ,.
171 1935 240 1981 eum
269 1916 367 1989 orbis,
401 1916 483 1995 quod
503 1901 614 1978 sedeat
629 1909 673 1978 od
694 1918 850 1991 dexteram
873 1915 989 1987 Patris,
1021 1915 1075 1991 pari

98 2106 103 2113 υ
158 2018 326 2085 'divinitate
348 2027 378 2083 et
400 2023 682 2099 potentiaetlamsi
699 2041 771 2099 ,eum
787 2033 854 2085 non
878 2021 990 2082 videat
1027 2020 1079 2080 liex

170 2146 245 2191 vera
277 2128 355 2188 enim
387 2144 448 2188 non
477 2127 616 2189 videmus
638 2110 725 2201 reum,
757 2136 856 2190 tamen
886 2127 1076 2197 exsultamus,

47 2272 51 2285 ·
170 2239 310 2297 levamus
339 2248 407 2294 eum
437 2232 531 2295 verbo
553 2241 583 2294 et
604 2232 796 2296 contessione
816 2232 903 2303 fidei,
937 2239 969 2292 et
990 2230 1075 2291 credi

170 2356 239 2402 mus
261 2356 329 2400 eum
352 2338 461 2399 sedere
483 2337 521 2398 od
542 2338 697 2443 demerem
720 2338 833 2411 Patris,
864 2345 897 2400 ut
919 2334 1077 2414 interpolet

101 2523 103 2527 Ι
170 2459 225 2525 pro
248 2444 398 2506 nobis.
843 2456 847 2460 ·

251 2549 301 2610 Sic
314 2520 559 2643 exaltatioietium
571 2548 608 2609 od
622 2565 679 2610 nos
688 2548 825 2626 pertmet
846 2545 924 2613 ιιι2.
934 2546 1045 2611 Thess
1054 2543 1076 2609 2

117 2699 119 2705 ·
170 2662 254 2718 tonat
271 2664 300 2716 et
315 2654 448 2716 fulminat
464 2654 630 2729 apostolus
651 2662 755 2717 contra
768 2654 1001 2725 antichristum,
1024 2653 1077 2715 lile·

138 2786 145 2794 ·
167 2771 257 2823 vatur
277 2775 370 2838 super
391 2775 481 2820 omne
503 2759 586 2835 quod
611 2762 724 2832 colitur,
747 2767 777 2820 et
788 2759 909 2820 dicitur
930 2759 1026 2831 Deus.
1044 2758 1079 2820 lbi

170 2870 201 2931 S.
225 2867 335 2927 Paulus
369 2864 440 2925 dicit
463 2862 615 2925 Christum
638 2880 710 2927 esse
732 2857 897 2927 exaltatum
921 2872 953 2926 et
975 2882 1078 2942 aequo·

96 3032 98 3038 .
167 2977 226 3039 lem
256 2972 333 3062 Deo,
369 2977 398 3031 et
433 2976 533 3030 tamen
564 2986 646 3047 papa
671 2987 731 3032 non
760 2977 874 3032 tantum
905 2971 1080 3032 adversatur

170 3079 304 3150 Christo,
341 3075 396 3137 sed
427 3076 552 3137 extollit
573 3092 609 3137 se
630 3092 723 3152 supra
741 3056 831 3150 eum,
868 3094 930 3138 non
954 3078 1080 3158 reipsa,

57 3244 60 3249 ,
169 3188 241 3264 quia
269 3198 362 3258 supra
387 3180 538 3242 Christum
561 3179 654 3243 lilium
677 3181 744 3251 Dei,
765 3189 810 3247 ιιι
830 3198 888 3244 nec
911 3199 1011 3259 supra
1032 3181 1081 3243 Pa·
1119 3208 1121 3251 ι

167 3301 242 3356 trem
256 3288 328 3350 nihil
343 3294 444 3365 polest
460 3277 585 3349 exaltari
607 3295 636 3349 et
658 3280 767 3358 extolli,
789 3303 845 3348 nec
867 3286 1012 3368 angelus,
1033 3303 1082 3348 occ

163 3396 346 3459 ,diabolus
364 3393 417 3454 Slc'
443 3400 473 3454 et
494 3393 597 3455 Daniel
630 3408 697 3470 cap.
720 3387 769 3456 12.
790 3393 927 3471 loquitur
950 3384 992 3454 de
1013 3393 1083 3455 anti·

104 3532 107 3536 ·
168 3503 299 3571 christo.
334 3496 541 3577 Magnificabit
561 3507 592 3567 et
608 3498 730 3562 extollet
745 3513 786 3560 se
807 3514 904 3613 supra
926 3490 1013 3562 Deos
1034 3515 1084 3577 po·

169 3618 246 3677 trum
269 3619 394 3671 snorum
416 3611 471 3666 etc.
746 3660 749 3665 ,

249 3712 304 3777 list
324 3728 398 3794 ergo
417 3709 560 3775 exaltatio
581 3703 753 3783 doctrinae,
766 3669 990 3813 consessionis,
1010 3707 1085 3786 lidei,
