2258 4170
533 138 664 247 Esaiae?
731 212 734 219 ·
770 218 774 225 ·
971 182 1043 250 149

121 359 241 451 hanff)
264 354 782 449 etisuacconscendunt'montem]‚
806 366 865 428 hoc
885 376 942 439 est,
964 366 1042 429 iides

121 485 186 530 cum
201 460 355 548 D'eoagit
377 479 407 533 ct
421 460 871 551 apprehendit·misericordiam
895 473 923 534 in
947 474 1041 535 verbo

119 576 320 651 promissam.
349 578 454 653 [Servi
470 586 569 640 antem
590 587 621 640 et
638 578 783 656 jumenta,
804 579 833 639 id
855 586 913 657 est,
936 588 1043 640 nostra

116 696 213 757 opera
225 682 269 743 ad
285 672 399 745 montis
408 684 528 745 radices
545 672 693 761 moncuq,
714 698 772 747 uec
784 684 980 745 admittuntur
1000 684 1039 745 ad

59 868 61 873 Ι
114 786 194 847 iiiam
208 787 341 863 gloriam
353 790 545 852 remissionis
560 798 769 868 pcccatorum·
798 788 899 867 [Adeo
922 790 1040 852 sciticct

113 907 232 969 magno
254 894 414 957 intervalia
437 896 535 959 civilis
553 895 670 974 justitie
693 884 848 972 a'justitia
863 896 915 956 Dei
938 896 1038 961 abest.

114 1054 203 1117 Cum
254 1060 513 1123 mulctaretur
551 1070 588 1125 et
620 1061 909 1133 infirmaretur,
963 1079 1037 1124 uon

114 1166 278 1239 aperuit
301 1181 342 1247 os
365 1184 483 1238 sunni,
506 1170 611 1247 sicut
632 1168 733 1239 ovis,
757 1183 856 1243 quac
879 1166 1040 1228 ducitur

59 1332 61 1341 ,
115 1268 161 1327 ad
185 1270 406 1348 victimam.
427 1262 624 1351 stagnus,
647 1274 720 1351 qni,
743 1290 824 1335 cum
847 1270 1037 1343 tondetur,

229 1376 467 1440 obmutescit
496 1379 714 1457 necaperit
738 1394 921 1441 ossuum.

198 1505 295 1567 utitur
311 1506 561 1582 degerunthunc
584 1514 699 1569 textum
721 1507 749 1567 in
772 1506 913 1575 ecciesia.
934 1522 1036 1585 eoque

59 1610 67 1717 't
117 1616 185 1671 sant
196 1610 407 1675 abusicontra
427 1612 614 1687 scandatum.
628 1615 739 1677 crucis.
773 1612 895 1699 Dicunt:
918 1627 1033 1689 passus
1098 1626 1112 1650 ²

59 1726 62 1764 =
119 1721 180 1788 cst,
201 1716 259 1777 sed
282 1734 339 1781 sua
360 1725 486 1796 sponte,
511 1720 588 1781 aiias
610 1720 688 1781 satis
710 1725 775 1785 crat
798 1719 905 1779 virium
928 1715 966 1777 ad
991 1716 1035 1778 vi-

65 1840 69 1854 ·
120 1826 192 1881 tam·
210 1838 299 1884 suam
331 1823 559 1887 deiendcndam.
602 1824 658 1887 Est
683 1824 807 1903 quiden
829 1823 880 1902 pia
902 1831 933 1884 et
953 1823 1034 1885 bona

120 1928 282 2001 sententia,
312 1929 370 1991 sed
396 1946 455 1991 nos
475 1930 656 2005 Hebraicam
685 1928 845 1991 lectionem
867 1928 1033 2022 sequimur.

120 2030 272 2095 Hactenus
297 2034 377 2096 enim
413 2038 589 2114 passionem
616 2044 648 2117 ct
672 2035 837 2113 ,passionis
867 2051 957 2097 usum
980 2035 1034 2097 de-

116 2136 247 2215 scripsit
265 2137 328 2214 jam
342 2148 462 2215 gestum
477 2141 621 2205 describit
638 2148 668 2203 ct
679 2157 829 2203 summam
849 2138 1033 2218 patientiam,

114 2258 206 2320 quam
228 2242 371 2307 cunctus
392 2247 422 2308 in
444 2260 510 2309 aaa·
524 2245 736 2324 passione”)
760 2244 873 2307 habmt
912 2245 1032 2308 conve-

107 2349 151 2409 nit
173 2356 279 2411 autem
301 2352 393 2429 piene
413 2352 563 2430 propheta
585 2370 654 2415 cum
675 2347 868 2433 Pccrc*·*)‚
898 2353 951 2429 qui
973 2352 1031 2413 ait:

108 2452 269 2517 Tradcbat
289 2456 455 2519 uindictam
473 2458 621 2534 iudicanti
639 2459 732 2535 juste.
767 2459 811 2543 ita
826 2454 883 2519 hic
904 2455 1034 2526 affectus

102 2550 234 2635 g'estum
247 2558 359 2623 Christi
369 2562 532 2629 describite
553 2574 667 2644 quanta
687 2564 830 2641 patientia
845 2563 885 2624 sit
908 2578 1032 2641 passus,

101 2664 199 2741 quusi
212 2664 311 2727 dicat:
332 2665 406 2730 Gum
420 2676 482 2730 tum
499 2670 605 2747 gravia
626 2676 787 2748 pateretur.
809 2684 868 2729 non
892 2669 1030 2729 minaba-

100 2776 169 2839 tur,
187 2786 251 2831 non
270 2774 426 2849 cogitabat
447 2775 487 2836 de
509 2775 641 2837 vindicta
661 2782 719 2837 etc.
747 2775 794 2857 Ac
814 2774 883 2833 tatis
906 2773 1029 2849 quidem

101 2874 245 2935 omnium
268 2874 508 2942 Christianorum
531 2882 638 2959 passio
659 2897 731 2941 esse
753 2878 863 2948 debet,
896 2878 1029 2938 mundus

101 2979 133 3039 si
154 2978 233 3041 nihii
255 2978 356 3049 aliud.
388 2992 488 3047 tamen
510 2987 548 3048 de
571 2986 703 3047 vindicta
725 2983 846 3058 cogitat,
867 2983 921 3058 sed
937 2981 1024 3045 Chri·

103 3090 177 3146 stus
220 3102 282 3147 nou
315 3092 371 3153 sic
432 3092 682 3155 Maledicentibus
723 3091 825 3167 potius
862 3087 1032 3157 benedixit.

104 3190 296 3267 deprecatus
321 3204 370 3259 est
391 3196 509 3260 Patrem
534 3213 589 3275 pro
610 3194 841 3257 crucifixoribus
863 3192 939 3253 suis.
984 3268 987 3273 .

193 3296 297 3356 Voiuit
329 3304 431 3358 autem
461 3302 550 3364 nobis
583 3302 732 3379 propheta
765 3303 915 3375 insignem
947 3296 1028 3361 hunc

107 3401 255 3476 patientis
285 3400 443 3477 affectum,
477 3408 631 3484 quomodo
667 3424 703 3467 sc
735 3419 807 3479 erga
830 3404 1026 3465 crucifixores

105 3496 186 3569 suos
216 3504 373 3577 habuerit,
404 3518 477 3588 apta
507 3512 701 3591 similitudine
726 3506 907 3587 significare.
950 3510 1025 3571 Ovis

105 3613 322 3627 —·-·
1093 3608 1107 3641 ἢ

180 3659 213 3723 ·)
236 3644 317 3719 dini.
334 3646 385 3712 cij
419 3660 466 3729 “5
494 3660 586 3715 dorus
614 3648 743 3733 parisinis·
755 3652 868 3718 ‘curten
909 3658 976 3723 ⁸⁸⁶)
999 3660 1022 3714 1.
1111 3684 1119 3695 -

102 3750 159 3804 rer.
178 3750 206 3804 2.
