<?xml version="1.0" encoding="UTF-8"?>
<!DOCTYPE html PUBLIC "-//W3C//DTD XHTML 1.0 Transitional//EN"
    "http://www.w3.org/TR/xhtml1/DTD/xhtml1-transitional.dtd">
<html xmlns="http://www.w3.org/1999/xhtml" xml:lang="en" lang="en">
 <head>
  <title>
</title>
<meta http-equiv="Content-Type" content="text/html;charset=utf-8" />
  <meta name='ocr-system' content='tesseract 3.04.00' />
  <meta name='ocr-capabilities' content='ocr_page ocr_carea ocr_par ocr_line ocrx_word'/>
</head>
<body>
  <div class='ocr_page' id='page_1' title='image "./exegeticaoperal01luthgoog_0264.png"; bbox 0 0 2258 4170; ppageno 0'>
   <div class='ocr_carea' id='block_1_1' title="bbox 540 152 1052 238">
    <p class='ocr_par' dir='ltr' id='par_1_1' title="bbox 540 152 1052 238">
     <span class='ocr_line' id='line_1_1' title="bbox 540 152 1052 238; baseline 0.006 -3"><span class='ocrx_word' id='word_1_1' title='bbox 540 176 649 236; x_wconf 78' lang='lat' dir='ltr'><strong>Esaiae.</strong></span> <span class='ocrx_word' id='word_1_2' title='bbox 698 204 700 208; x_wconf 44' lang='lat'><em>⁴</em></span> <span class='ocrx_word' id='word_1_3' title='bbox 868 152 885 180; x_wconf 39' lang='grc' dir='ltr'><strong>ι’</strong></span> <span class='ocrx_word' id='word_1_4' title='bbox 989 169 1052 238; x_wconf 60' lang='lat'><strong>253</strong></span> 
     </span>
    </p>
   </div>
   <div class='ocr_carea' id='block_1_2' title="bbox 133 330 1123 1068">
    <p class='ocr_par' dir='ltr' id='par_1_2' title="bbox 133 330 1123 1068">
     <span class='ocr_line' id='line_1_2' title="bbox 322 330 1002 436; baseline 0 -22"><span class='ocrx_word' id='word_1_5' title='bbox 322 330 651 417; x_wconf 79' lang='lat' dir='ltr'><strong>Factisumusut</strong></span> <span class='ocrx_word' id='word_1_6' title='bbox 671 351 865 415; x_wconf 89' lang='lat' dir='ltr'><strong>immundi.</strong></span> <span class='ocrx_word' id='word_1_7' title='bbox 908 387 911 390; x_wconf 58' lang='lat'><strong>&gt;</strong></span> <span class='ocrx_word' id='word_1_8' title='bbox 999 428 1002 436; x_wconf 23' lang='grc' dir='ltr'>Ι</span> 
     </span>
     <span class='ocr_line' id='line_1_3' title="bbox 143 458 1116 547; baseline 0.006 -29"><span class='ocrx_word' id='word_1_9' title='bbox 143 522 146 537; x_wconf 52' lang='grc'><strong>,</strong></span> <span class='ocrx_word' id='word_1_10' title='bbox 227 458 280 521; x_wconf 87' lang='lat' dir='ltr'><strong>ilie</strong></span> <span class='ocrx_word' id='word_1_11' title='bbox 300 459 404 537; x_wconf 78' lang='lat' dir='ltr'>incipit</span> <span class='ocrx_word' id='word_1_12' title='bbox 427 461 552 533; x_wconf 85' lang='lat' dir='ltr'><strong>alteram</strong></span> <span class='ocrx_word' id='word_1_13' title='bbox 568 458 690 536; x_wconf 77' lang='lat' dir='ltr'><strong>partem</strong></span> <span class='ocrx_word' id='word_1_14' title='bbox 719 458 907 547; x_wconf 63' lang='lat' dir='ltr'><strong>collationis,</strong></span> <span class='ocrx_word' id='word_1_15' title='bbox 930 460 1051 539; x_wconf 84' lang='lat' dir='ltr'><strong>tempus</strong></span> <span class='ocrx_word' id='word_1_16' title='bbox 1107 511 1116 524; x_wconf 86' lang='grc'><strong>.</strong></span> 
     </span>
     <span class='ocr_line' id='line_1_4' title="bbox 157 554 1052 646; baseline 0.006 -25"><span class='ocrx_word' id='word_1_17' title='bbox 157 566 326 646; x_wconf 80' lang='lat' dir='ltr'><strong>captivitatis</strong></span> <span class='ocrx_word' id='word_1_18' title='bbox 349 554 556 644; x_wconf 79' lang='lat' dir='ltr'><strong>Babylonicae</strong></span> <span class='ocrx_word' id='word_1_19' title='bbox 577 564 701 635; x_wconf 83' lang='lat' dir='ltr'><strong>seilicet.</strong></span> <span class='ocrx_word' id='word_1_20' title='bbox 729 564 813 626; x_wconf 79' lang='lat' dir='ltr'><strong>¹Tam</strong></span> <span class='ocrx_word' id='word_1_21' title='bbox 835 564 932 626; x_wconf 86' lang='lat' dir='ltr'><strong>tetieia</strong></span> <span class='ocrx_word' id='word_1_22' title='bbox 954 581 1052 644; x_wconf 86' lang='lat' dir='ltr'><strong>quon·</strong></span> 
     </span>
     <span class='ocr_line' id='line_1_5' title="bbox 152 652 1068 751; baseline 0.007 -22"><span class='ocrx_word' id='word_1_23' title='bbox 152 665 216 734; x_wconf 84' lang='lat' dir='ltr'><strong>dam</strong></span> <span class='ocrx_word' id='word_1_24' title='bbox 234 652 316 733; x_wconf 84' lang='lat' dir='ltr'><strong>erant</strong></span> <span class='ocrx_word' id='word_1_25' title='bbox 338 658 452 751; x_wconf 83' lang='lat' dir='ltr'><strong>secuta,¹</strong></span> <span class='ocrx_word' id='word_1_26' title='bbox 475 679 507 732; x_wconf 88' lang='lat' dir='ltr'><strong>at</strong></span> <span class='ocrx_word' id='word_1_27' title='bbox 528 687 609 732; x_wconf 82' lang='lat' dir='ltr'><strong>nunc</strong></span> <span class='ocrx_word' id='word_1_28' title='bbox 629 672 671 731; x_wconf 88' lang='lat' dir='ltr'><strong>ita</strong></span> <span class='ocrx_word' id='word_1_29' title='bbox 685 670 847 732; x_wconf 85' lang='lat' dir='ltr'><strong>nobiseum</strong></span> <span class='ocrx_word' id='word_1_30' title='bbox 866 670 974 746; x_wconf 79' lang='lat' dir='ltr'><strong>agitur,</strong></span> <span class='ocrx_word' id='word_1_31' title='bbox 996 674 1068 749; x_wconf 67' lang='lat' dir='ltr'><strong>pul</strong></span> 
     </span>
     <span class='ocr_line' id='line_1_6' title="bbox 146 764 1099 855; baseline 0.004 -22"><span class='ocrx_word' id='word_1_32' title='bbox 146 777 228 842; x_wconf 88' lang='lat' dir='ltr'><strong>rinde</strong></span> <span class='ocrx_word' id='word_1_33' title='bbox 247 793 281 838; x_wconf 87' lang='lat' dir='ltr'><strong>ae</strong></span> <span class='ocrx_word' id='word_1_34' title='bbox 302 776 329 839; x_wconf 89' lang='lat' dir='ltr'><strong>si</strong></span> <span class='ocrx_word' id='word_1_35' title='bbox 352 793 474 848; x_wconf 86' lang='lat' dir='ltr'><strong>omnes,</strong></span> <span class='ocrx_word' id='word_1_36' title='bbox 496 783 648 855; x_wconf 78' lang='lat' dir='ltr'><strong>quotquot</strong></span> <span class='ocrx_word' id='word_1_37' title='bbox 670 785 755 847; x_wconf 88' lang='lat' dir='ltr'><strong>sunt,</strong></span> <span class='ocrx_word' id='word_1_38' title='bbox 777 776 848 839; x_wconf 80' lang='lat' dir='ltr'><strong>mali</strong></span> <span class='ocrx_word' id='word_1_39' title='bbox 870 777 939 841; x_wconf 82' lang='lat' dir='ltr'><strong>sint.</strong></span> <span class='ocrx_word' id='word_1_40' title='bbox 982 775 1051 838; x_wconf 79' lang='lat' dir='ltr'><strong>Em-</strong></span> <span class='ocrx_word' id='word_1_41' title='bbox 1095 764 1099 774; x_wconf 78' lang='grc'>’</span> 
     </span>
     <span class='ocr_line' id='line_1_7' title="bbox 140 881 1050 959; baseline -0.003 -13"><span class='ocrx_word' id='word_1_42' title='bbox 140 881 247 956; x_wconf 77' lang='lat' dir='ltr'>phasis</span> <span class='ocrx_word' id='word_1_43' title='bbox 268 890 316 944; x_wconf 90' lang='lat' dir='ltr'><strong>est</strong></span> <span class='ocrx_word' id='word_1_44' title='bbox 342 883 373 943; x_wconf 89' lang='lat' dir='ltr'><strong>in</strong></span> <span class='ocrx_word' id='word_1_45' title='bbox 401 881 522 944; x_wconf 89' lang='lat' dir='ltr'><strong>nomine</strong></span> <span class='ocrx_word' id='word_1_46' title='bbox 550 883 658 944; x_wconf 86' lang='lat' dir='ltr'><strong>omnis.</strong></span> <span class='ocrx_word' id='word_1_47' title='bbox 702 883 800 959; x_wconf 82' lang='lat' dir='ltr'><strong>Vocat</strong></span> <span class='ocrx_word' id='word_1_48' title='bbox 821 884 901 944; x_wconf 88' lang='lat' dir='ltr'><strong>enim</strong></span> <span class='ocrx_word' id='word_1_49' title='bbox 921 883 1050 944; x_wconf 90' lang='lat' dir='ltr'><strong>immun-</strong></span> 
     </span>
     <span class='ocr_line' id='line_1_8' title="bbox 133 975 1123 1068; baseline 0.001 -20"><span class='ocrx_word' id='word_1_50' title='bbox 133 980 292 1062; x_wconf 77' lang='lat' dir='ltr'><strong>dasideo,</strong></span> <span class='ocrx_word' id='word_1_51' title='bbox 314 988 398 1068; x_wconf 89' lang='lat' dir='ltr'><strong>quod</strong></span> <span class='ocrx_word' id='word_1_52' title='bbox 422 994 585 1050; x_wconf 75' lang='lat' dir='ltr'><strong>tractentur</strong></span> <span class='ocrx_word' id='word_1_53' title='bbox 606 989 685 1052; x_wconf 84' lang='lat' dir='ltr'><strong>sieut</strong></span> <span class='ocrx_word' id='word_1_54' title='bbox 704 975 851 1051; x_wconf 81' lang='lat' dir='ltr'><strong>immundi</strong></span> <span class='ocrx_word' id='word_1_55' title='bbox 873 996 903 1050; x_wconf 86' lang='lat' dir='ltr'><strong>et</strong></span> <span class='ocrx_word' id='word_1_56' title='bbox 923 988 1018 1066; x_wconf 83' lang='lat' dir='ltr'><strong>impii.</strong></span> <span class='ocrx_word' id='word_1_57' title='bbox 1120 1038 1123 1050; x_wconf 94' lang='lat'><em>.</em></span> 
     </span>
    </p>
   </div>
   <div class='ocr_carea' id='block_1_3' title="bbox 253 1146 915 1271">
    <p class='ocr_par' dir='ltr' id='par_1_3' title="bbox 253 1146 915 1271">
     <span class='ocr_line' id='line_1_9' title="bbox 253 1146 915 1271; baseline 0.005 -33"><span class='ocrx_word' id='word_1_58' title='bbox 253 1153 306 1238; x_wconf 80' lang='lat' dir='ltr'><strong>&#39;tm</strong></span> <span class='ocrx_word' id='word_1_59' title='bbox 328 1178 445 1255; x_wconf 84' lang='lat' dir='ltr'>quasi</span> <span class='ocrx_word' id='word_1_60' title='bbox 466 1182 623 1271; x_wconf 87' lang='lat' dir='ltr'><strong>paunus·</strong></span> <span class='ocrx_word' id='word_1_61' title='bbox 640 1146 915 1255; x_wconf 84' lang='lat' dir='ltr'><strong>menstruatae.</strong></span> 
     </span>
    </p>
   </div>
   <div class='ocr_carea' id='block_1_4' title="bbox 59 1305 1122 3406">
    <p class='ocr_par' dir='ltr' id='par_1_4' title="bbox 100 1305 1122 2341">
     <span class='ocr_line' id='line_1_10' title="bbox 215 1305 1048 1385; baseline 0.004 -19"><span class='ocrx_word' id='word_1_62' title='bbox 215 1305 281 1367; x_wconf 85' lang='lat' dir='ltr'><strong>Hoc</strong></span> <span class='ocrx_word' id='word_1_63' title='bbox 303 1307 372 1368; x_wconf 85' lang='lat' dir='ltr'><strong>loeo</strong></span> <span class='ocrx_word' id='word_1_64' title='bbox 395 1305 559 1385; x_wconf 80' lang='lat' dir='ltr'><strong>aliquando</strong></span> <span class='ocrx_word' id='word_1_65' title='bbox 581 1321 688 1368; x_wconf 89' lang='lat' dir='ltr'><strong>sumus</strong></span> <span class='ocrx_word' id='word_1_66' title='bbox 711 1307 760 1367; x_wconf 92' lang='lat' dir='ltr'><strong>usi</strong></span> <span class='ocrx_word' id='word_1_67' title='bbox 782 1315 887 1369; x_wconf 83' lang='lat' dir='ltr'><strong>eontra</strong></span> <span class='ocrx_word' id='word_1_68' title='bbox 900 1305 1048 1384; x_wconf 87' lang='lat' dir='ltr'><strong>justitiam</strong></span> 
     </span>
     <span class='ocr_line' id='line_1_11' title="bbox 107 1388 1058 1489; baseline 0.004 -18"><span class='ocrx_word' id='word_1_69' title='bbox 107 1407 311 1474; x_wconf 87' lang='lat' dir='ltr'><strong>humanam.</strong></span> <span class='ocrx_word' id='word_1_70' title='bbox 359 1411 447 1474; x_wconf 85' lang='lat' dir='ltr'><strong>Boua</strong></span> <span class='ocrx_word' id='word_1_71' title='bbox 479 1411 602 1489; x_wconf 81' lang='lat' dir='ltr'><strong>quidam</strong></span> <span class='ocrx_word' id='word_1_72' title='bbox 633 1388 782 1474; x_wconf 81' lang='lat' dir='ltr'><strong>sententia</strong></span> <span class='ocrx_word' id='word_1_73' title='bbox 803 1421 864 1488; x_wconf 86' lang='lat' dir='ltr'><strong>est,</strong></span> <span class='ocrx_word' id='word_1_74' title='bbox 900 1413 958 1475; x_wconf 88' lang='lat' dir='ltr'><strong>sed</strong></span> <span class='ocrx_word' id='word_1_75' title='bbox 988 1430 1058 1476; x_wconf 23' lang='lat' dir='ltr'><strong>nona</strong></span> 
     </span>
     <span class='ocr_line' id='line_1_12' title="bbox 105 1498 1118 1607; baseline 0.007 -31"><span class='ocrx_word' id='word_1_76' title='bbox 105 1520 261 1598; x_wconf 87' lang='lat' dir='ltr'><strong>propria</strong></span> <span class='ocrx_word' id='word_1_77' title='bbox 286 1498 412 1601; x_wconf 61' lang='lat' dir='ltr'><strong>‘huius‘</strong></span> <span class='ocrx_word' id='word_1_78' title='bbox 429 1519 515 1579; x_wconf 77' lang='lat' dir='ltr'><strong>loei-</strong></span> <span class='ocrx_word' id='word_1_79' title='bbox 540 1517 694 1598; x_wconf 78' lang='lat' dir='ltr'><strong>Propheta</strong></span> <span class='ocrx_word' id='word_1_80' title='bbox 725 1520 820 1593; x_wconf 88' lang='lat' dir='ltr'><strong>enim,</strong></span> <span class='ocrx_word' id='word_1_81' title='bbox 859 1535 928 1607; x_wconf 87' lang='lat' dir='ltr'><strong>eum</strong></span> <span class='ocrx_word' id='word_1_82' title='bbox 967 1518 1050 1583; x_wconf 85' lang='lat' dir='ltr'><strong>videt</strong></span> <span class='ocrx_word' id='word_1_83' title='bbox 1115 1513 1118 1523; x_wconf 87' lang='lat'>&#39;</span> 
     </span>
     <span class='ocr_line' id='line_1_13' title="bbox 102 1624 1048 1702; baseline 0.008 -22"><span class='ocrx_word' id='word_1_84' title='bbox 102 1624 249 1687; x_wconf 80' lang='lat' dir='ltr'><strong>multos</strong></span> <span class='ocrx_word' id='word_1_85' title='bbox 280 1624 381 1686; x_wconf 89' lang='lat' dir='ltr'><strong>bonos</strong></span> <span class='ocrx_word' id='word_1_86' title='bbox 415 1625 498 1686; x_wconf 90' lang='lat' dir='ltr'><strong>viros</strong></span> <span class='ocrx_word' id='word_1_87' title='bbox 529 1626 559 1686; x_wconf 89' lang='lat' dir='ltr'><strong>in</strong></span> <span class='ocrx_word' id='word_1_88' title='bbox 582 1625 788 1702; x_wconf 83' lang='lat' dir='ltr'><strong>captivitatem</strong></span> <span class='ocrx_word' id='word_1_89' title='bbox 815 1625 981 1700; x_wconf 75' lang='lat' dir='ltr'><strong>abductas,</strong></span> <span class='ocrx_word' id='word_1_90' title='bbox 1016 1632 1048 1688; x_wconf 88' lang='lat' dir='ltr'><strong>ut</strong></span> 
     </span>
     <span class='ocr_line' id='line_1_14' title="bbox 100 1728 1048 1810; baseline 0.007 -23"><span class='ocrx_word' id='word_1_91' title='bbox 100 1729 216 1791; x_wconf 83' lang='lat' dir='ltr'><strong>tuere</strong></span> <span class='ocrx_word' id='word_1_92' title='bbox 239 1728 414 1803; x_wconf 73' lang='lat' dir='ltr'><strong>Nehemias</strong></span> <span class='ocrx_word' id='word_1_93' title='bbox 435 1728 529 1799; x_wconf 82' lang='lat' dir='ltr'><strong>Esras</strong></span> <span class='ocrx_word' id='word_1_94' title='bbox 551 1738 581 1793; x_wconf 91' lang='lat' dir='ltr'><strong>et</strong></span> <span class='ocrx_word' id='word_1_95' title='bbox 603 1730 661 1805; x_wconf 84' lang='lat' dir='ltr'><strong>alii,</strong></span> <span class='ocrx_word' id='word_1_96' title='bbox 683 1731 764 1794; x_wconf 89' lang='lat' dir='ltr'><strong>dolet</strong></span> <span class='ocrx_word' id='word_1_97' title='bbox 785 1732 866 1810; x_wconf 87' lang='lat' dir='ltr'><strong>quod</strong></span> <span class='ocrx_word' id='word_1_98' title='bbox 890 1733 930 1794; x_wconf 89' lang='lat' dir='ltr'><strong>ob</strong></span> <span class='ocrx_word' id='word_1_99' title='bbox 952 1734 1048 1805; x_wconf 82' lang='lat' dir='ltr'><strong>malp-</strong></span> 
     </span>
     <span class='ocr_line' id='line_1_15' title="bbox 102 1826 1046 1917; baseline 0.011 -27"><span class='ocrx_word' id='word_1_100' title='bbox 102 1846 188 1894; x_wconf 87' lang='lat' dir='ltr'><strong>rum</strong></span> <span class='ocrx_word' id='word_1_101' title='bbox 221 1837 406 1914; x_wconf 78' lang='lat' dir='ltr'><strong>impietatem</strong></span> <span class='ocrx_word' id='word_1_102' title='bbox 425 1835 500 1912; x_wconf 88' lang='lat' dir='ltr'><strong>justi</strong></span> <span class='ocrx_word' id='word_1_103' title='bbox 522 1837 663 1900; x_wconf 89' lang='lat' dir='ltr'><strong>homines</strong></span> <span class='ocrx_word' id='word_1_104' title='bbox 686 1839 798 1901; x_wconf 91' lang='lat' dir='ltr'><strong>diutius</strong></span> <span class='ocrx_word' id='word_1_105' title='bbox 811 1840 849 1900; x_wconf 90' lang='lat' dir='ltr'><strong>in</strong></span> <span class='ocrx_word' id='word_1_106' title='bbox 871 1826 1046 1917; x_wconf 80' lang='lat' dir='ltr'><strong>captivitate</strong></span> 
     </span>
     <span class='ocr_line' id='line_1_16' title="bbox 104 1936 1046 2025; baseline 0.012 -30"><span class='ocrx_word' id='word_1_107' title='bbox 104 1936 332 2017; x_wconf 86' lang='lat' dir='ltr'><strong>detineantur,</strong></span> <span class='ocrx_word' id='word_1_108' title='bbox 354 1944 444 2019; x_wconf 87' lang='lat' dir='ltr'><strong>quasi</strong></span> <span class='ocrx_word' id='word_1_109' title='bbox 466 1944 579 2023; x_wconf 81' lang='lat' dir='ltr'><strong>dieat:¹</strong></span> <span class='ocrx_word' id='word_1_110' title='bbox 608 1944 785 2007; x_wconf 71' lang='lat' dir='ltr'><strong>abrahamo</strong></span> <span class='ocrx_word' id='word_1_111' title='bbox 806 1952 930 2023; x_wconf 90' lang='lat' dir='ltr'><strong>propter</strong></span> <span class='ocrx_word' id='word_1_112' title='bbox 957 1936 1046 2025; x_wconf 80' lang='lat' dir='ltr'><strong>quin·</strong></span> 
     </span>
     <span class='ocr_line' id='line_1_17' title="bbox 107 2038 1114 2128; baseline 0.007 -22"><span class='ocrx_word' id='word_1_113' title='bbox 107 2057 179 2118; x_wconf 79' lang='lat' dir='ltr'><strong>que</strong></span> <span class='ocrx_word' id='word_1_114' title='bbox 219 2049 321 2126; x_wconf 79' lang='lat' dir='ltr'><strong>iustos</strong></span> <span class='ocrx_word' id='word_1_115' title='bbox 349 2049 561 2112; x_wconf 81' lang='lat' dir='ltr'><strong>condonasses</strong></span> <span class='ocrx_word' id='word_1_116' title='bbox 583 2038 759 2123; x_wconf 81' lang='lat' dir='ltr'><strong>Sodomam,</strong></span> <span class='ocrx_word' id='word_1_117' title='bbox 780 2042 829 2111; x_wconf 83' lang='lat' dir='ltr'><strong>hie</strong></span> <span class='ocrx_word' id='word_1_118' title='bbox 849 2052 951 2128; x_wconf 90' lang='lat' dir='ltr'><strong>piures</strong></span> <span class='ocrx_word' id='word_1_119' title='bbox 972 2048 1047 2112; x_wconf 86' lang='lat' dir='ltr'><strong>boni</strong></span> <span class='ocrx_word' id='word_1_120' title='bbox 1112 2058 1114 2063; x_wconf 87' lang='grc'><strong>’</strong></span> 
     </span>
     <span class='ocr_line' id='line_1_18' title="bbox 110 2144 1082 2236; baseline 0.008 -25"><span class='ocrx_word' id='word_1_121' title='bbox 110 2160 222 2231; x_wconf 56' lang='lat' dir='ltr'><strong>sunu,</strong></span> <span class='ocrx_word' id='word_1_122' title='bbox 253 2163 405 2218; x_wconf 86' lang='lat' dir='ltr'><strong>ettamen</strong></span> <span class='ocrx_word' id='word_1_123' title='bbox 439 2144 474 2219; x_wconf 82' lang='lat' dir='ltr'><strong>tu</strong></span> <span class='ocrx_word' id='word_1_124' title='bbox 492 2154 661 2236; x_wconf 73' lang='lat' dir='ltr'><strong>perindel)</strong></span> <span class='ocrx_word' id='word_1_125' title='bbox 686 2172 755 2218; x_wconf 83' lang='lat' dir='ltr'><strong>eum</strong></span> <span class='ocrx_word' id='word_1_126' title='bbox 777 2155 823 2219; x_wconf 85' lang='lat' dir='ltr'><strong>ais</strong></span> <span class='ocrx_word' id='word_1_127' title='bbox 845 2157 927 2234; x_wconf 82' lang='lat' dir='ltr'><strong>agis,</strong></span> <span class='ocrx_word' id='word_1_128' title='bbox 959 2173 996 2219; x_wconf 87' lang='lat' dir='ltr'><strong>ae</strong></span> <span class='ocrx_word' id='word_1_129' title='bbox 1016 2158 1044 2219; x_wconf 90' lang='lat' dir='ltr'><strong>si</strong></span> <span class='ocrx_word' id='word_1_130' title='bbox 1079 2158 1082 2164; x_wconf 87' lang='lat'>&#39;</span> 
     </span>
     <span class='ocr_line' id='line_1_19' title="bbox 109 2253 1122 2341; baseline 0.006 -21"><span class='ocrx_word' id='word_1_131' title='bbox 109 2253 193 2330; x_wconf 78' lang='lat' dir='ltr'><strong>ipsi</strong></span> <span class='ocrx_word' id='word_1_132' title='bbox 232 2279 357 2341; x_wconf 88' lang='lat' dir='ltr'><strong>qnoque</strong></span> <span class='ocrx_word' id='word_1_133' title='bbox 386 2263 470 2341; x_wconf 88' lang='lat' dir='ltr'><strong>impii</strong></span> <span class='ocrx_word' id='word_1_134' title='bbox 499 2273 603 2326; x_wconf 86' lang='lat' dir='ltr'><strong>essent</strong></span> <span class='ocrx_word' id='word_1_135' title='bbox 630 2272 659 2326; x_wconf 89' lang='lat' dir='ltr'><strong>et</strong></span> <span class='ocrx_word' id='word_1_136' title='bbox 686 2262 848 2324; x_wconf 87' lang='lat' dir='ltr'><strong>immundi.</strong></span> <span class='ocrx_word' id='word_1_137' title='bbox 891 2262 1046 2340; x_wconf 76' lang='lat' dir='ltr'><strong>coguntur</strong></span> <span class='ocrx_word' id='word_1_138' title='bbox 1116 2264 1122 2270; x_wconf 78' lang='grc'><em>’</em></span> 
     </span>
    </p>

    <p class='ocr_par' dir='ltr' id='par_1_5' title="bbox 81 2366 1066 2556">
     <span class='ocr_line' id='line_1_20' title="bbox 81 2366 1046 2454; baseline 0.003 -24"><span class='ocrx_word' id='word_1_139' title='bbox 81 2396 83 2401; x_wconf 95' lang='grc'><strong><em>·</em></strong></span> <span class='ocrx_word' id='word_1_140' title='bbox 107 2366 213 2432; x_wconf 79' lang='lat' dir='ltr'><strong>ferre</strong></span> <span class='ocrx_word' id='word_1_141' title='bbox 234 2387 365 2448; x_wconf 88' lang='lat' dir='ltr'><strong>poenam</strong></span> <span class='ocrx_word' id='word_1_142' title='bbox 386 2371 564 2448; x_wconf 86' lang='lat' dir='ltr'><strong>impietatis,</strong></span> <span class='ocrx_word' id='word_1_143' title='bbox 596 2386 781 2450; x_wconf 89' lang='lat' dir='ltr'><strong>quamquam</strong></span> <span class='ocrx_word' id='word_1_144' title='bbox 803 2370 861 2447; x_wconf 91' lang='lat' dir='ltr'><strong>ipsi</strong></span> <span class='ocrx_word' id='word_1_145' title='bbox 884 2370 944 2454; x_wconf 88' lang='lat' dir='ltr'><strong>sint</strong></span> <span class='ocrx_word' id='word_1_146' title='bbox 960 2368 1046 2448; x_wconf 78' lang='lat' dir='ltr'><strong>iusti,</strong></span> 
     </span>
     <span class='ocr_line' id='line_1_21' title="bbox 108 2476 1066 2556; baseline 0.003 -20"><span class='ocrx_word' id='word_1_147' title='bbox 108 2479 260 2551; x_wconf 70' lang='lat' dir='ltr'><strong>perinde</strong></span> <span class='ocrx_word' id='word_1_148' title='bbox 293 2486 385 2556; x_wconf 88' lang='lat' dir='ltr'><strong>atque</strong></span> <span class='ocrx_word' id='word_1_149' title='bbox 415 2479 444 2539; x_wconf 84' lang='lat' dir='ltr'><strong>si</strong></span> <span class='ocrx_word' id='word_1_150' title='bbox 472 2478 532 2555; x_wconf 93' lang='lat' dir='ltr'><strong>ipsi</strong></span> <span class='ocrx_word' id='word_1_151' title='bbox 569 2493 693 2555; x_wconf 85' lang='lat' dir='ltr'><strong>quoque</strong></span> <span class='ocrx_word' id='word_1_152' title='bbox 724 2483 916 2553; x_wconf 79' lang='lat' dir='ltr'><strong>peccassent.</strong></span> <span class='ocrx_word' id='word_1_153' title='bbox 958 2476 1066 2539; x_wconf 85' lang='lat' dir='ltr'><strong>Hune·</strong></span> 
     </span>
    </p>

    <p class='ocr_par' dir='ltr' id='par_1_6' title="bbox 113 2575 1046 2675">
     <span class='ocr_line' id='line_1_22' title="bbox 113 2575 1046 2675; baseline 0.004 -35"><span class='ocrx_word' id='word_1_154' title='bbox 113 2575 282 2647; x_wconf 79' lang='lat' dir='ltr'><strong>affectum</strong></span> <span class='ocrx_word' id='word_1_155' title='bbox 298 2585 412 2662; x_wconf 83' lang='lat' dir='ltr'><strong>captivi</strong></span> <span class='ocrx_word' id='word_1_156' title='bbox 423 2585 539 2662; x_wconf 82' lang='lat' dir='ltr'><strong>popuii</strong></span> <span class='ocrx_word' id='word_1_157' title='bbox 560 2584 611 2675; x_wconf 77' lang='lat' dir='ltr'><strong>hic¹</strong></span> <span class='ocrx_word' id='word_1_158' title='bbox 627 2583 767 2662; x_wconf 87' lang='lat' dir='ltr'><strong>exprimit</strong></span> <span class='ocrx_word' id='word_1_159' title='bbox 778 2581 937 2660; x_wconf 87' lang='lat' dir='ltr'><strong>propheta.</strong></span> <span class='ocrx_word' id='word_1_160' title='bbox 969 2576 1046 2644; x_wconf 86' lang='lat' dir='ltr'><strong>Suu&#39;t</strong></span> 
     </span>
    </p>

    <p class='ocr_par' dir='ltr' id='par_1_7' title="bbox 59 2676 1101 3406">
     <span class='ocr_line' id='line_1_23' title="bbox 120 2676 1041 2770; baseline 0.003 -25"><span class='ocrx_word' id='word_1_161' title='bbox 120 2699 234 2752; x_wconf 76' lang='lat' dir='ltr'><strong>autem</strong></span> <span class='ocrx_word' id='word_1_162' title='bbox 256 2689 386 2752; x_wconf 86' lang='lat' dir='ltr'><strong>aliiloai</strong></span> <span class='ocrx_word' id='word_1_163' title='bbox 408 2691 585 2767; x_wconf 86' lang='lat' dir='ltr'><strong>scripturae,</strong></span> <span class='ocrx_word' id='word_1_164' title='bbox 606 2692 659 2770; x_wconf 90' lang='lat' dir='ltr'><strong>qni</strong></span> <span class='ocrx_word' id='word_1_165' title='bbox 670 2688 818 2768; x_wconf 87' lang='lat' dir='ltr'><strong>justitiam</strong></span> <span class='ocrx_word' id='word_1_166' title='bbox 832 2676 1041 2766; x_wconf 72' lang='lat' dir='ltr'><strong>humanam*)</strong></span> 
     </span>
     <span class='ocr_line' id='line_1_24' title="bbox 130 2789 1067 2860; baseline 0.005 -8"><span class='ocrx_word' id='word_1_167' title='bbox 130 2789 286 2860; x_wconf 89' lang='lat' dir='ltr'><strong>damnant.</strong></span> <span class='ocrx_word' id='word_1_168' title='bbox 331 2797 415 2857; x_wconf 84' lang='lat' dir='ltr'><strong>Sient</strong></span> <span class='ocrx_word' id='word_1_169' title='bbox 436 2796 501 2857; x_wconf 88' lang='lat' dir='ltr'><strong>iiie:</strong></span> <span class='ocrx_word' id='word_1_170' title='bbox 538 2797 664 2858; x_wconf 88' lang='lat' dir='ltr'><strong>Domine</strong></span> <span class='ocrx_word' id='word_1_171' title='bbox 686 2814 723 2858; x_wconf 90' lang='lat' dir='ltr'><strong>rre</strong></span> <span class='ocrx_word' id='word_1_172' title='bbox 745 2797 837 2858; x_wconf 88' lang='lat' dir='ltr'><strong>intres</strong></span> <span class='ocrx_word' id='word_1_173' title='bbox 859 2812 927 2857; x_wconf 87' lang='lat' dir='ltr'><strong>enm</strong></span> <span class='ocrx_word' id='word_1_174' title='bbox 951 2811 1042 2857; x_wconf 88' lang='lat' dir='ltr'><strong>servo</strong></span> <span class='ocrx_word' id='word_1_175' title='bbox 1065 2822 1067 2827; x_wconf 51' lang='lat'><strong><em>¹</em></strong></span> 
     </span>
     <span class='ocr_line' id='line_1_25' title="bbox 138 2900 1045 2980; baseline 0.008 -20"><span class='ocrx_word' id='word_1_176' title='bbox 138 2906 188 2963; x_wconf 86' lang='lat' dir='ltr'><strong>tuo</strong></span> <span class='ocrx_word' id='word_1_177' title='bbox 219 2902 249 2962; x_wconf 91' lang='lat' dir='ltr'><strong>in</strong></span> <span class='ocrx_word' id='word_1_178' title='bbox 276 2900 437 2978; x_wconf 85' lang='lat' dir='ltr'><strong>judicium,</strong></span> <span class='ocrx_word' id='word_1_179' title='bbox 465 2903 494 2961; x_wconf 91' lang='lat' dir='ltr'><strong>iu</strong></span> <span class='ocrx_word' id='word_1_180' title='bbox 517 2909 683 2980; x_wconf 86' lang='lat' dir='ltr'><strong>conspectu</strong></span> <span class='ocrx_word' id='word_1_181' title='bbox 704 2910 756 2964; x_wconf 90' lang='lat' dir='ltr'><strong>tuo</strong></span> <span class='ocrx_word' id='word_1_182' title='bbox 778 2920 836 2964; x_wconf 89' lang='lat' dir='ltr'><strong>non</strong></span> <span class='ocrx_word' id='word_1_183' title='bbox 862 2901 1045 2979; x_wconf 79' lang='lat' dir='ltr'><strong>iustificetur</strong></span> 
     </span>
     <span class='ocr_line' id='line_1_26' title="bbox 145 3007 1085 3085; baseline 0.007 -19"><span class='ocrx_word' id='word_1_184' title='bbox 145 3008 234 3076; x_wconf 80' lang='lat' dir='ltr'><strong>amnis</strong></span> <span class='ocrx_word' id='word_1_185' title='bbox 257 3008 393 3084; x_wconf 88' lang='lat' dir='ltr'><strong>vivens;-</strong></span> <span class='ocrx_word' id='word_1_186' title='bbox 413 3024 482 3069; x_wconf 83' lang='lat' dir='ltr'><strong>num</strong></span> <span class='ocrx_word' id='word_1_187' title='bbox 505 3010 605 3069; x_wconf 89' lang='lat' dir='ltr'><strong>omnia</strong></span> <span class='ocrx_word' id='word_1_188' title='bbox 626 3007 771 3079; x_wconf 74' lang='lat' dir='ltr'><strong>feceritis,</strong></span> <span class='ocrx_word' id='word_1_189' title='bbox 793 3008 897 3070; x_wconf 85' lang='lat' dir='ltr'><strong>dicite:</strong></span> <span class='ocrx_word' id='word_1_190' title='bbox 930 3010 1042 3073; x_wconf 83' lang='lat' dir='ltr'><strong>Sumus</strong></span> <span class='ocrx_word' id='word_1_191' title='bbox 1082 3074 1085 3085; x_wconf 80' lang='grc'>,</span> 
     </span>
     <span class='ocr_line' id='line_1_27' title="bbox 144 3113 1043 3184; baseline 0.007 -10"><span class='ocrx_word' id='word_1_192' title='bbox 144 3114 220 3175; x_wconf 87' lang='lat' dir='ltr'><strong>servi</strong></span> <span class='ocrx_word' id='word_1_193' title='bbox 242 3113 371 3184; x_wconf 87' lang='lat' dir='ltr'><strong>inutiles,</strong></span> <span class='ocrx_word' id='word_1_194' title='bbox 392 3113 472 3174; x_wconf 90' lang='lat' dir='ltr'><strong>etin</strong></span> <span class='ocrx_word' id='word_1_195' title='bbox 494 3115 646 3175; x_wconf 87' lang='lat' dir='ltr'><strong>oratione:</strong></span> <span class='ocrx_word' id='word_1_196' title='bbox 688 3113 918 3179; x_wconf 85' lang='lat' dir='ltr'><strong>Dimitte&#39;nobis</strong></span> <span class='ocrx_word' id='word_1_197' title='bbox 940 3117 1043 3181; x_wconf 87' lang='lat' dir='ltr'><strong>debita</strong></span> 
     </span>
     <span class='ocr_line' id='line_1_28' title="bbox 59 3202 1101 3291; baseline 0.007 -11"><span class='ocrx_word' id='word_1_198' title='bbox 59 3278 63 3289; x_wconf 83' lang='lat'><em>,</em></span> <span class='ocrx_word' id='word_1_199' title='bbox 137 3227 252 3291; x_wconf 86' lang='lat' dir='ltr'><strong>nostra,</strong></span> <span class='ocrx_word' id='word_1_200' title='bbox 281 3227 312 3280; x_wconf 87' lang='lat' dir='ltr'><strong>et</strong></span> <span class='ocrx_word' id='word_1_201' title='bbox 332 3221 368 3277; x_wconf 90' lang='lat' dir='ltr'><strong>in.</strong></span> <span class='ocrx_word' id='word_1_202' title='bbox 383 3202 520 3281; x_wconf 80' lang='lat' dir='ltr'><strong>Psalmo:</strong></span> <span class='ocrx_word' id='word_1_203' title='bbox 552 3220 610 3282; x_wconf 89' lang='lat' dir='ltr'><strong>Pro</strong></span> <span class='ocrx_word' id='word_1_204' title='bbox 632 3219 691 3282; x_wconf 86' lang='lat' dir='ltr'><strong>hoc</strong></span> <span class='ocrx_word' id='word_1_205' title='bbox 711 3221 809 3283; x_wconf 85' lang='lat' dir='ltr'><strong>orabit</strong></span> <span class='ocrx_word' id='word_1_206' title='bbox 830 3224 867 3284; x_wconf 90' lang='lat' dir='ltr'><strong>ad</strong></span> <span class='ocrx_word' id='word_1_207' title='bbox 891 3230 921 3284; x_wconf 84' lang='lat' dir='ltr'><strong>te</strong></span> <span class='ocrx_word' id='word_1_208' title='bbox 942 3225 1041 3287; x_wconf 81' lang='lat' dir='ltr'><strong>omnis</strong></span> <span class='ocrx_word' id='word_1_209' title='bbox 1093 3211 1101 3217; x_wconf 68' lang='grc'><strong>’</strong></span> 
     </span>
     <span class='ocr_line' id='line_1_29' title="bbox 101 3323 1040 3406; baseline 0.013 -25"><span class='ocrx_word' id='word_1_210' title='bbox 101 3374 104 3381; x_wconf 83' lang='grc'><em>,</em></span> <span class='ocrx_word' id='word_1_211' title='bbox 132 3331 258 3387; x_wconf 88' lang='lat' dir='ltr'><strong>sanetus</strong></span> <span class='ocrx_word' id='word_1_212' title='bbox 280 3331 336 3385; x_wconf 84' lang='lat' dir='ltr'><strong>ete.</strong></span> <span class='ocrx_word' id='word_1_213' title='bbox 378 3323 488 3387; x_wconf 88' lang='lat' dir='ltr'><strong>Nostra</strong></span> <span class='ocrx_word' id='word_1_214' title='bbox 511 3326 600 3402; x_wconf 83' lang='lat' dir='ltr'><strong>igitur</strong></span> <span class='ocrx_word' id='word_1_215' title='bbox 617 3325 735 3402; x_wconf 83' lang='lat' dir='ltr'><strong>justitia</strong></span> <span class='ocrx_word' id='word_1_216' title='bbox 757 3345 828 3389; x_wconf 86' lang='lat' dir='ltr'><strong>vere</strong></span> <span class='ocrx_word' id='word_1_217' title='bbox 849 3336 897 3391; x_wconf 90' lang='lat' dir='ltr'><strong>est</strong></span> <span class='ocrx_word' id='word_1_218' title='bbox 919 3331 1040 3406; x_wconf 87' lang='lat' dir='ltr'><strong>pottuta.</strong></span> 
     </span>
    </p>
   </div>
   <div class='ocr_carea' id='block_1_5' title="bbox 130 3432 338 3447">
    <p class='ocr_par' dir='ltr' id='par_1_8' title="bbox 130 3432 338 3447">
     <span class='ocr_line' id='line_1_30' title="bbox 130 3432 338 3447; baseline 0.01 -3"><span class='ocrx_word' id='word_1_219' title='bbox 130 3432 338 3447; x_wconf 53' lang='lat' dir='ltr'><strong>m</strong></span> 
     </span>
    </p>
   </div>
   <div class='ocr_carea' id='block_1_6' title="bbox 123 3476 1041 3834">
    <p class='ocr_par' dir='ltr' id='par_1_9' title="bbox 126 3476 1041 3663">
     <span class='ocr_line' id='line_1_31' title="bbox 201 3476 1041 3545; baseline 0.01 -15"><span class='ocrx_word' id='word_1_220' title='bbox 201 3477 233 3545; x_wconf 78' lang='grc'><strong>*)</strong></span> <span class='ocrx_word' id='word_1_221' title='bbox 254 3478 316 3531; x_wconf 84' lang='lat' dir='ltr'><strong>Loci</strong></span> <span class='ocrx_word' id='word_1_222' title='bbox 347 3476 499 3530; x_wconf 81' lang='lat' dir='ltr'><strong>damnantes</strong></span> <span class='ocrx_word' id='word_1_223' title='bbox 528 3477 660 3544; x_wconf 76' lang='lat' dir='ltr'><strong>iinstitiem</strong></span> <span class='ocrx_word' id='word_1_224' title='bbox 691 3478 837 3535; x_wconf 80' lang='lat' dir='ltr'><strong>humanam.</strong></span> <span class='ocrx_word' id='word_1_225' title='bbox 881 3480 949 3536; x_wconf 74' lang='lat' dir='ltr'><strong>Puni.</strong></span> <span class='ocrx_word' id='word_1_226' title='bbox 981 3481 1041 3538; x_wconf 77' lang='lat' dir='ltr'><strong>tts</strong></span> 
     </span>
     <span class='ocr_line' id='line_1_32' title="bbox 126 3571 997 3663; baseline 0.005 -37"><span class='ocrx_word' id='word_1_227' title='bbox 126 3574 188 3658; x_wconf 71' lang='lat' dir='ltr'><strong>Luc.</strong></span> <span class='ocrx_word' id='word_1_228' title='bbox 210 3572 252 3626; x_wconf 81' lang='lat'><strong>18.</strong></span> <span class='ocrx_word' id='word_1_229' title='bbox 271 3572 338 3626; x_wconf 83' lang='lat' dir='ltr'><strong>Psal.</strong></span> <span class='ocrx_word' id='word_1_230' title='bbox 358 3571 400 3627; x_wconf 80' lang='lat'><strong>2³.</strong></span> <span class='ocrx_word' id='word_1_231' title='bbox 804 3654 807 3663; x_wconf 33' lang='lat'>¹</span> <span class='ocrx_word' id='word_1_232' title='bbox 995 3574 997 3579; x_wconf 77' lang='grc'><strong>’</strong></span> 
     </span>
    </p>

    <p class='ocr_par' dir='ltr' id='par_1_10' title="bbox 123 3667 1039 3834">
     <span class='ocr_line' id='line_1_33' title="bbox 200 3667 1039 3759; baseline 0.005 -38"><span class='ocrx_word' id='word_1_233' title='bbox 200 3670 232 3734; x_wconf 89' lang='grc'><strong>1)</strong></span> <span class='ocrx_word' id='word_1_234' title='bbox 251 3667 282 3721; x_wconf 90' lang='lat' dir='ltr'><strong>ln</strong></span> <span class='ocrx_word' id='word_1_235' title='bbox 300 3668 342 3722; x_wconf 85' lang='lat' dir='ltr'><strong>ed.</strong></span> <span class='ocrx_word' id='word_1_236' title='bbox 358 3667 430 3759; x_wconf 26' lang='lat'>&#39;1532</span> <span class='ocrx_word' id='word_1_237' title='bbox 449 3667 560 3737; x_wconf 64' lang='lat' dir='ltr'><strong>legitur:</strong></span> <span class='ocrx_word' id='word_1_238' title='bbox 579 3669 661 3750; x_wconf 79' lang='lat' dir='ltr'><strong>nihils</strong></span> <span class='ocrx_word' id='word_1_239' title='bbox 680 3672 831 3725; x_wconf 78' lang='lat' dir='ltr'><strong>minuetum</strong></span> <span class='ocrx_word' id='word_1_240' title='bbox 844 3671 877 3725; x_wconf 82' lang='lat' dir='ltr'><strong>iis</strong></span> <span class='ocrx_word' id='word_1_241' title='bbox 894 3671 950 3740; x_wconf 71' lang='lat' dir='ltr'><strong>egis</strong></span> <span class='ocrx_word' id='word_1_242' title='bbox 962 3686 1039 3745; x_wconf 73' lang='lat' dir='ltr'><strong>quatu</strong></span> 
     </span>
     <span class='ocr_line' id='line_1_34' title="bbox 123 3759 620 3834; baseline 0.006 -18"><span class='ocrx_word' id='word_1_243' title='bbox 123 3765 146 3816; x_wconf 90' lang='lat' dir='ltr'><strong>si</strong></span> <span class='ocrx_word' id='word_1_244' title='bbox 166 3765 218 3834; x_wconf 75' lang='lat' dir='ltr'><strong>ipsi</strong></span> <span class='ocrx_word' id='word_1_245' title='bbox 237 3773 292 3817; x_wconf 64' lang='lat' dir='ltr'><strong>ete„</strong></span> <span class='ocrx_word' id='word_1_246' title='bbox 352 3762 359 3771; x_wconf 87' lang='lat'><em>&#39;</em></span> <span class='ocrx_word' id='word_1_247' title='bbox 391 3771 393 3778; x_wconf 87' lang='lat'>&#39;</span> <span class='ocrx_word' id='word_1_248' title='bbox 618 3759 620 3764; x_wconf 79' lang='grc'><strong>’</strong></span> 
     </span>
    </p>
   </div>
   <div class='ocr_carea' id='block_1_7' title="bbox 0 0 1134 4170">
    <p class='ocr_par' dir='ltr' id='par_1_11' title="bbox 0 0 1134 4170">
     <span class='ocr_line' id='line_1_35' title="bbox 0 0 1134 4170; baseline 0 3"><span class='ocrx_word' id='word_1_249' title='bbox 0 0 1134 4170; x_wconf 95' lang='lat' dir='ltr'><strong> </strong></span> 
     </span>
    </p>
   </div>
  </div>
 </body>
</html>
