2258 4170
356 130 694 271 ¹Capillisaiaa·
829 217 834 227 =
912 171 1046 285 fii,

54 349 194 425 dicutur,
224 359 256 413 ut
286 351 465 430 prophetam
496 371 557 414 nun
583 352 765 436 intelligant.
810 352 861 415 Sic
891 340 977 416 visio¹
1020 408 1025 424 ,

55 455 118 517 illis
141 466 188 519 est
210 460 288 519 sicut
309 460 538 531 liberclausus
561 467 593 521 ut
616 475 682 541 cap.
696 455 831 545 taurea
853 459 975 532 Esaiae,

58 562 152 624 Caeci
174 570 260 637 sunl,
290 581 349 626 ncn
372 566 483 628 vident.
525 567 672 627 Velamen
695 564 827 642 positum
851 572 899 626 est
920 581 973 627 su·

59 685 116 744 per
145 685 198 730 cor
221 685 324 733 earum
346 666 375 731 2.
398 660 463 732 Cor.
485 668 527 744 3.,
561 677 594 731 ut
615 686 673 731 nnn
707 670 872 746 intelligant
910 679 983 733 lam!

57 775 188 846 diserte,
222 783 282 835 tam
304 775 453 853 explicate
480 776 642 854 praedicta.
686 775 751 837 Hoc
773 776 900 853 proprie.
916 792 973 855 per
1067 856 1069 862 k

58 879 139 940 Mem
162 882 299 942 clausum
321 888 395 958 puto
418 881 620 977 significatum
642 897 722 942 esse.
808 866 811 870 ’
1044 889 1049 901 “

268 1046 374 1140 Finis
397 1069 504 1146 pacis
526 1058 657 1129 nullus
680 1069 760 1129 erit.

141 1195 202 1256 Erit
223 1198 403 1259 resurrectio
425 1203 627 1286 mortuorum,
650 1198 705 1257 eril
725 1188 850 1273 regnum
872 1181 971 1258 celere
1031 1247 1033 1250 .
1098 1208 1103 1213 ·

58 1319 129 1361 num
153 1301 218 1369 sinc
241 1308 381 1378 peccato,
404 1309 499 1362 morte
521 1311 550 1363 ct
572 1304 656 1378 lege,
678 1303 790 1365 erimus
811 1301 879 1373 filii,
911 1301 984 1364 eric

59 1424 127 1468 mus
148 1406 299 1469 haeredes
314 1407 376 1467 Dei
398 1416 427 1468 et
454 1406 641 1469 cohaeredes
663 1406 786 1480 Christi,
817 1410 846 1468 in
870 1415 968 1469 aeter·
1013 1432 1018 1446 r

10 1534 15 1539 ·
56 1527 114 1573 nae
135 1512 332 1574 beatitudinis
358 1512 463 1589 gloria
1020 1510 1026 1523 ¹

57 1702 184 1778 Super
224 1694 363 1773 solium
404 1700 527 1761 David
573 1680 616 1762 e't
653 1702 772 1779 super
806 1676 968 1778 regnum
1066 1681 1069 1690 ¹

10 1856 14 1877 ,
56 1804 151 1882 eius,
172 1813 211 1866 ut
233 1786 442 1884 praeparet
460 1805 538 1885 (vel
561 1807 797 1884 constituat)
822 1815 859 1869 et
880 1792 979 1870 cun}

55 1913 190 1973 tirmet
214 1909 293 1990 (vel
315 1914 529 1989 sustentet)
564 1913 680 1974 illud
672 1914 727 1974 in
752 1912 910 1990 jutiicic
933 1922 973 1975 et-

53 2014 234 2093 justitia,
256 2015 399 2079 abhinc
420 2031 543 2137 usque
565 2016 600 2079 in
624 2027 828 2086 aeternnm
851 2027 907 2080 etc

120 2144 204 2206 ·Ncn
227 2145 360 2206 futurum
382 2138 430 2206 eit
451 2162 575 2247 regnum
599 2147 792 2223 angelorum,
820 2148 887 2210 sed
898 2150 970 2224 reg·

56 2267 130 2312 aum
152 2251 242 2311 inter
248 2248 406 2330 homipes,
429 2236 536 2329 quales
557 2253 689 2314 luerunt
685 2252 749 2330 qui
770 2254 831 2315 sub
853 2252 969 2316 llavide

10 2361 21 2373 “
55 2363 153 2419 eranl.
195 2356 280 2416 Sicut
302 2347 399 2427 Uavid
426 2373 483 2422 rex
510 2357 575 2418 luit
570 2374 679 2435 super
698 2372 804 2456 semen
824 2357 968 2420 Abrahae

54 2468 88 2522 ct
106 2461 196 2551 lilios
218 2461 326 2533 lsrael,
362 2460 404 2522 ita
432 2460 482 2523 hic
510 2478 587 2540 puer
613 2463 668 2524 erit
700 2480 755 2525 rex
789 2480 883 2542 super
910 2462 969 2525 hc-

31 2546 156 2629 mines
178 2567 340 2638 mortales,
361 2567 414 2644 qui
436 2576 600 2630 nascuntur
621 2570 660 2629 de
680 2550 787 2640 lsrael,
809 2569 848 2630 dc
870 2569 987 2649 David„

55 2672 161 2745 eliis,
196 2672 248 2750 qui
280 2687 386 2733 corum
419 2674 532 2750 posteri
564 2683 661 2738 sunl.
670 2643 773 2751 Ergo
800 2673 977 2754 Abraham„

56 2777 156 2839 David
179 2784 234 2838 etc.
260 2777 365 2838 vivunt
387 2794 454 2838 curn
477 2779 619 2841 omnibus
641 2780 706 2840 suis
728 2779 870 2867 posteris.
903 2778 968 2840 Etsi

56 2883 87 2942 in
116 2881 265 2958 sepulcris
293 2884 466 2959 consumpti
482 2872 580 2957 sunl,
613 2884 801 2946 tamen‘suo
829 2893 966 2961 tempore

57 2988 98 3048 ad
132 2996 290 3063 aeternam
317 2987 403 3053 illam,
430 2988 521 3050 vitam
552 2997 582 3052 ct
614 2993 739 3066 gloriam
767 2989 965 3053 resurrecturi

19 3107 26 3125 ·
55 3095 137 3156 ‘sunt
179 3094 245 3155 Hoc
267 3092 306 3152 de
327 3093 471 3154 israelitis
494 3095 566 3155 dicit
585 3094 745 3173 proplieta.

142 3198 203 3260 Sed
239 3198 290 3259 ubi
325 3215 482 3260 manemus
511 3216 570 3261 nos
604 3202 732 3276 gentes?
773 3201 967 3279 Respondeo.

58 3305 159 3381 Supra
180 3303 255 3364 dixit
277 3302 440 3380 propheta,
470 3305 674 3391 Multiplicasli
696 3313 831 3381 gentem,
866 3314 896 3367 ct
916 3306 980 3367 lric‘

57 3409 146 3481 dicit,
174 3406 418 3484 Multiplicabitur
437 3408 594 3487 imperium
617 3408 697 3485 eius,
728 3411 892 3488 elabique
913 3427 968 3487 per

56 3524 154 3577 totum
177 3513 280 3574 orbem
303 3520 448 3574 terrarum
470 3504 732 3605 multiplicabitur
760 3515 838 3592 Ergo
860 3510 974 3591 'gentes'

55 3637 126 3682 cum
147 3618 272 3699 ludaeis
295 3619 542 3695 congregandae,
571 3626 603 3681 ut
625 3621 740 3697 passim
762 3620 916 3682 inlesam
937 3629 967 3684 et

55 3726 200 3788 amnibus
222 3703 382 3804 prophetis
405 3724 525 3801 legitur.
