2258 4170
400 66 472 191 'cap
495 100 524 177 9.
545 46 659 195 listina.¹
767 132 770 136 ·
922 105 992 177 399'
1024 58 1030 80 ἰ

10 327 29 383 J
58 292 132 383 Ἰῆῑὶο
166 301 198 361 et
227 309 338 373 puero,
369 294 503 373 quadis
531 279 665 383 omnium
687 292 728 355 sit
749 296 883 369 auctor,
905 307 987 370 quae

10 422 13 427 ·
67 399 117 461 bio
147 401 384 478 promittuntur,
419 399 504 477 quod
537 399 565 460 is
599 384 700 460 omnia
733 397 916 475 praestiterit
940 380 985 459 'et

66 506 189 571 obierit.
232 507 294 569 Ubi
312 506 398 577 dicit,
430 507 577 584 populum
606 504 636 564 in
651 503 809 568 tenebris.
825 501 984 565 sedentem
1013 571 1015 578 ¹

64 611 188 676 vidisse
208 613 307 675 lueem
330 628 481 690 magnum,
502 611 534 672 id
556 602 711 697 beneficio!
728 615 758 670 et
780 625 874 686 opera
890 607 989 686 buius
1031 678 1037 685 ‚

60 721 168 795 regis,
202 717 254 781 lilii
276 719 339 802 Dei*
362 727 391 779 et
419 717 561 794 virginis,
595 716 752 794 contingit.
783 715 886 804 Quod·
902 714 985 789 dieit,
1088 712 1098 724 ‘'

62 821 254 902 Goulregisti
271 815 379 902 iugum
401 824 504 886 oneris
526 829 599 897 ete,
631 823 662 883 id
683 822 723 883 de
753 821 814 883 illio
837 828 867 883 et
888 838 988 899 puero

58 922 277 1006 hosiutelligi
297 930 405 1003 debet,
433 929 517 1007 quod
539 930 567 990 is
588 928 650 990 hoe
670 927 868 1005 praestiterit,
900 929 984 1004 quod

56 1035 88 1096 is
113 1036 240 1111 fregerit
261 1044 291 1097 et
312 1014 504 1114 superaverit
521 1033 580 1096 bos
601 1032 712 1097 hostes
726 1032 850 1114 nostros
873 1039 904 1117 et
923 1033 984 1096 hes
1020 1048 1027 1057 ·

57 1139 272 1206 dillleultates.
313 1141 380 1203 Non
403 1142 473 1203 leeit
494 1141 524 1201 id
546 1139 670 1218 quidem
691 1139 770 1235 Asine
794 1147 896 1218 patre,
927 1139 986 1203 sed

56 1245 149 1310 filius
167 1255 267 1311 lamen
285 1247 364 1309 bees
381 1247 575 1324 praestitisse
595 1254 626 1308 et
647 1246 759 1308 lesisse
775 1246 891 1319 dieitur,
910 1244 987 1325 quia
1067 1302 1072 1313 ,

58 1353 92 1415 id
118 1355 148 1415 ln
173 1370 307 1431 persona
328 1353 380 1415 lilii
402 1356 596 1422 factumest.

25 1460 29 1479 ¹
149 1459 300 1538 Exprimit
329 1458 410 1536 ergo.
444 1457 595 1538 prophete
630 1455 681 1518 hio
712 1458 742 1518 ln
778 1459 856 1521 v'ooe
882 1457 985 1533 altera,

45 1565 168 1640 -ll'illus,
188 1580 356 1645 porsonam·
374 1567 403 1626 in
425 1565 593 1627 divinitate.
639 1564 692 1625 Sis
710 1576 765 1625 rex
781 1563 873 1642 buJus
894 1564 984 1627 liber·-

59 1673 136 1735 tatis
159 1688 388 1746 summae,.rex
410 1672 552 1734 liberrimi
573 1668 688 1749 populi,
709 1669 867 1744 liberrimi,
888 1657 985 1749 plaoi-
1068 1662 1071 1680 ”

61 1779 202 1852 dissimi,
239 1778 496 1858 tranquillissimi,
526 1777 705 1840 suavissimi
719 1776 757 1838 'et
791 1777 982 1861 blandissimi

59 1885 166 1963 regni,
188 1892 311 1959 auctor,
333 1880 515 1946 eonstitutor
535 1891 566 1945 et
587 1890 738 1962 operator,
760 1882 826 1955 hic,
848 1885 981 1965 inquam,

59 2006 119 2079 rqx
139 1999 190 2053 est
211 1990 291 2053 lilius
305 1990 360 2052 Dei
380 1991 413 2051 in
434 1990 576 2061 excelsis,
598 1997 628 2051 et
649 2006 742 2052 verus
756 1982 857 2052 mmor
878 1986 981 2064 homo,

60 2113 141 2174 puer
161 2096 201 2159 de
223 2098 348 2159 muliere
369 2104 471 2160 natus.

145 2202 204 2264 llio
224 2203 300 2265 ordo
323 2202 481 2280 diligenter
502 2190 756 2266 servandus'esl.
784 2201 850 2264 Non
872 2213 981 2264 aseen—
1091 2205 1099 2269 ’,

63 2308 198 2375 lendum
221 2307 260 2369 ad
282 2309 452 2386 maiestatis
470 2308 601 2370 'dinnao
622 2307 863 2386 inquisitionem,
897 2317 982 2370 ante·

62 2431 158 2493 quem
180 2415 357 2478 inlantulum
379 2412 903 2497 hunobeneoornprelrenderimus‚
924 2415 981 2476 sed

63 2521 297 2584 aseendendum
317 2527 367 2582 est
388 2521 418 2581 in
441 2521 559 2582 eoelum
590 2520 641 2581 illa
663 2523 759 2595 soala,
788 2536 870 2600 quae
889 2520 980 2582 uobis

10 2628 28 2653 ⁸
62 2628 226 2705 proposita
255 2635 317 2697 est,
351 2626 401 2688 his
432 2627 578 2703 gradibus
605 2627 764 2698 utendum,
800 2642 881 2704 quos
902 2626 1005 2689 dene*
1091 2646 1094 2651 ·

26 2768 29 2773 -
61 2733 103 2794 ad
127 2750 198 2795 eum
222 2748 385 2806 assensum
399 2734 520 2809 parauit
541 2739 571 2797 et
593 2730 767 2819 applicavit,
787 2731 888 2794 Noluit
898 2731 978 2793 illius
1052 2730 1079 2755 ''

10 2898 12 2903 .
60 2839 118 2901 Dei
133 2839 229 2901 videri
251 2847 283 2901 et
303 2838 472 2901 invenirlin
493 2840 591 2904 eoelo.
619 2840 722 2918 Atque
742 2839 811 2907 ideo
823 2818 982 2900 deseendit

45 2960 80 3007 ,ο
102 2945 206 3006 eoelis.
221 2945 261 3007 ed
282 2944 361 3007 haee
374 2943 489 3018 intima,
510 2946 655 3024 venitque
670 2945 709 3006 ed
728 2961 786 3008 nos
804 2947 834 3006 in
857 2954 978 3021 earnem

19 3115 24 3120 ,
61 3056 210 3124 nostram,
233 3059 264 3112 et
285 3051 393 3129 posuit
412 3067 455 3113 se·
470 3051 499 3112 in
523 3051 676 3128 gremium·
694 3052 814 3124 metris,
836 3051 865 3112 in
888 3067 978 3139 pree·
1052 3096 1058 3115 s

61 3170 139 3233 sepe
161 3163 193 3218 et
223 3157 270 3218 in.
287 3172 419 3219 erucem.
450 3157 548 3243 ¹liano
581 3158 834 3236 sealemposuit
864 3157 895 3218 in
927 3155 978 3219 his

13 3270 18 3281 ’
59 3261 165 3335 terris,
201 3280 264 3341 qua
292 3263 449 3324 adDeum
472 3244 717 3333 ascenderemus.
759 3246 843 3326 Hee'o
865 3265 916 3326 via
936 3260 981 3325 in’-
1044 3246 1047 3253 ⁶

59 3367 228 3444 &odienda
249 3375 305 3432 est
349 3368 383 3429 si
403 3366 537 3430 haeuia
557 3370 661 3431 relicta
682 3369 791 3443 steine
811 3369 872 3432 bae
892 3373 978 3433 scala
1008 3374 1016 3393 ⁸
1040 3382 1049 3405 ¹

10 3492 27 3523 ·.
58 3473 100 3534 do
143 3472 314 3551 maJostatis
353 3474 478 3536 divinae
517 3476 613 3552 gloria
654 3476 806 3554 speculari
839 3483 978 3539 tentave-

59 3579 117 3652 rie,
141 3581 354 3656 speculaberis
374 3536 524 3644 mirabdia
546 3596 640 3660 super
671 3590 715 3654 te,
750 3581 805 3675 sed
828 3590 881 3644 tuo
914 3598 979 3643 ma-

57 3684 146 3748 ximo
167 3680 319 3750 dnmno.¹'
334 3688 435 3763 Quare
453 3686 573 3760 menso,
595 3695 628 3749 ut
648 3687 709 3750 hae
729 3688 782 3752 via
800 3689 927 3752 insistas
948 3696 979 3753 et
