2258 4170
401 160 470 237 Gap.
491 148 520 223 9.
542 120 654 222 [isaiae.
797 194 804 204 ·
884 130 904 194 ⁶·
925 152 988 222 391
1037 140 1064 240 .
1106 256 1110 272 ⁸

67 339 150 419 fitius
173 339 263 417 uobis
294 339 385 402 datus
408 348 469 421 est,
504 347 535 402 et
553 340 646 401 nobis
672 337 753 427 filius
774 342 899 412 'manea
927 354 987 402 nort
1075 415 1078 419 Ι

37 514 39 518 ³
66 445 102 507 iit
124 447 202 506 atius
230 454 322 531 quam
350 446 405 505 tuit
427 461 445 505 a
466 446 625 533 principio
637 434 816 507 nativitatis
825 459 911 505 suae
955 445 988 506 Si

67 560 171 615 autem
193 550 345 612 habemus
367 549 469 625 fitium,
490 551 641 613 habemus
663 560 692 612 et
717 559 855 644 patrem.
884 551 988 634 Habe·

67 674 141 718 mus
164 665 266 719 autem
294 657 435 718 infantem
468 664 499 718 et
526 656 608 718 hunc
634 656 751 728 tilium,
783 654 879 719 mater
908 658 1011 742 parit
1049 735 1051 744 ,

69 780 141 825 eum
164 763 269 833 nobis,
292 763 385 823 lactat
406 778 475 823 eum
497 762 601 834 nobis,
623 768 726 824 manet
747 766 823 840 puer
843 759 964 825 no'bis
957 779 987 824 m

69 866 237 931 aeteruum.
280 855 411 929 Exhibet
438 862 472 928 se
500 867 591 930 nobis
622 885 684 929 non
714 875 793 929 tetra
826 867 986 944 gravitate,

67 973 275 1035 uon‘terribiti
297 973 403 1049 aliqua
428 962 589 1050 majestate
617 975 821 1047 tremendum,
853 973 911 1035 sed
932 985 988 1036 ex-'
1042 958 1045 962 ’

66 1078 153 1140 hibet
175 1096 211 1140 so
233 1079 322 1140 nobis
351 1081 488 1158 parvulis
518 1078 693 1156 parvulum,
723 1095 760 1141 ao
780 1079 857 1141 ludit
877 1080 986 1144 nobis-

65 1203 135 1248 cum
158 1186 187 1246 in
211 1191 366 1246 aeternum
387 1186 416 1245 io
440 1185 568 1260 pueritia
588 1196 655 1278 sua.

80 1281 82 1285 ’
150 1291 274 1352 Praeter
294 1289 354 1352 hoe
376 1297 491 1351 tantum
513 1298 575 1351 tam
596 1292 780 1352 immensum
801 1290 985 1353 beneficium

65 1399 158 1460 datus
193 1404 243 1459 est
276 1396 367 1457 uobis
392 1374 480 1471 iilius
517 1375 590 1457 tam
611 1378 740 1481 dilectus
775 1396 848 1457 tanti
879 1396 984 1473 patria.

64 1503 143 1583 Quid
178 1518 253 1578 ergo
280 1500 477 1562 timebimus?
521 1500 659 1563 SiDeus
689 1501 877 1578 pronubis,
913 1501 983 1580 quis
1033 1555 1036 1560 .

48 1618 174 1684 „eontra
202 1606 282 1697 nesi
323 1605 480 1667 Habemus
512 1607 625 1684 pignus
659 1606 851 1669 carissimum
882 1607 947 1667 et
938 1624 985 1667 m-
1053 1624 1072 1657 ι

64 1714 194 1774 finitum.
224 1686 388 1787 Quomodo
409 1712 500 1789 igitur
520 1719 629 1788 posset
652 1711 771 1772 nobis
763 1710 854 1772 rrasei
877 1693 990 1788 poteri
1078 1701 1106 1746 ··’

11 1818 14 1827 ’
61 1819 190 1880 Immo
182 1833 251 1895 lpse
274 1823 360 1894 pater
388 1815 418 1876 iu
446 1815 508 1878 filio
536 1824 567 1876 et
597 1824 721 1894 propter
749 1815 843 1893 fitium
865 1817 1045 1911 cogitur

61 1921 299 2021 quodammodo
333 1922 386 1999 (ut
423 1921 469 1982 sic
508 1920 628 2000 dicam)
667 1910 902 1999 repuerascere,
945 1938 983 1984 ac

16 2012 18 2023 Α
61 2016 227 2094 nobiseum
249 2027 362 2100 ludere,
383 2027 537 2117 uobisque
558 2026 696 2100 blandiri,
719 2041 788 2103 eum
810 2007 982 2091 habeamus
1054 2082 1090 2113 ,Ι

60 2136 160 2198 fllium
181 2133 265 2210 ejus3
293 2140 418 2211 propter
438 2132 522 2193 hunc
542 2131 636 2193 fitium
658 2128 800 2227 dileeium
822 2150 930 2197 sumus
950 2141 983 2226 et

60 2258 123 2305 nos
145 2239 246 2301 dilecti
269 2238 322 2300 iiiii
344 2246 374 2300 et
394 2204 547 2301 haeredes
567 2238 633 2299 Dei
641 2246 702 2305 etc.

146 2345 259 2418 Vides,
286 2360 378 2421 qaam
396 2343 563 2421 magnifiee
584 2331 748 2411 senserint
757 2350 788 2406 et
808 2345 901 2407 locuti
923 2343 1012 2406 sint

60 2451 238 2531 prophetae
275 2449 313 2511 de
344 2438 466 2513 Christo
500 2456 644 2523 venturo,
677 2466 769 2543 quam
803 2447 1034 2513 exundariat

51 2533 181 2635 ¹gaudio
203 2557 252 2617 vel
269 2555 315 2616 de
337 2555 470 2618 adventu
493 2555 560 2630 ejus
583 2555 768 2633 cogitantes,
798 2571 890 2634 quam
912 2556 981 2619 ilios

64 2662 244 2724 exhilararit
274 2661 321 2722 vel
351 2662 420 2722 sola
448 2667 598 2722 tantarum
618 2676 718 2723 rerum
740 2661 950 2739 exspectatio
952 2669 983 2751 et
1050 2646 1083 2735 f

64 2755 326 2830 commemoratio.
380 2765 444 2827 Nos
480 2767 534 2858 ad·
552 2768 620 2829 ittos
651 2766 766 2840 collati,
801 2765 922 2844 lapides
952 2746 983 2837 et
1084 2810 1087 2820 .

63 2875 163 2936 trunci
185 2890 292 2936 sumus
321 2872 424 2933 verius
447 2889 540 2950 quam
561 2871 719 2946 homines,
749 2873 802 2952 qui
829 2872 913 2954 nihili
930 2880 983 2935 aut

63 2966 250 3058 pertenuiter
270 2976 320 3038 his
343 2978 433 3039 tantis
463 2970 556 3040 rebus
586 2977 748 3051 afficimur,
784 2995 853 3040 cum
879 2985 1005 3043 tamenr

63 3102 146 3149 nune
167 3101 228 3146 uon
249 3083 278 3143 in
307 3072 670 3160 exspectatiorie'uostra
699 3100 737 3147 aa
764 3085 804 3146 sit
831 3086 927 3162 gratia
950 3094 980 3147 et
1043 3088 1057 3134 ἲ

64 3191 176 3268 gloria,
214 3189 269 3251 sed
290 3188 353 3264 jam
375 3191 526 3262 revelata,
558 3190 589 3250 in
611 3205 721 3252 manus
750 3189 840 3277 uobis
863 3184 980 3263 tradita,

63 3297 162 3358 oculis
184 3294 357 3373 proposita,
391 3295 515 3356 auribus
537 3302 568 3356 et
588 3293 741 3362 cordibus.
755 3296 869 3373 nostris
890 3297 981 3375 spiri-

63 3411 117 3464 tus
139 3400 238 3463 sancti
261 3400 364 3461 oblata
386 3408 415 3460 et
438 3399 604 3477 ministerio
627 3401 785 3462 inculcata.

148 3505 222 3567 Gom
245 3512 328 3567 tanta
340 3505 432 3582 igitur
442 3507 496 3567 lux
512 3506 602 3568 nobis
625 3504 776 3585 affutgeat,
798 3522 855 3568 uos
878 3513 978 3578 tamen

33 3609 290 3690 ,eam‘gratiam
324 3611 488 3674 nonsatis
507 3627 570 3688 'pro
597 3596 745 3688 ,dignitate
771 3610 981 3686 aestimemur,

61 3719 155 3782 immo
167 3717 252 3781 multi
264 3718 356 3781 etiam
369 3723 561 3780 contemnant
580 3723 610 3779 et
622 3714 793 3796 repudient,
814 3733 882 3780 eum
895 3704 978 3780 tauta
