2258 4170
453 152 519 271 (ιιι).
541 140 569 256 9.
591 196 700 256 Eumae.
971 190 1102 265 421·

197 374 263 436 Non
286 359 389 450 'igitur
421 372 613 436 consiliarius
649 358 700 455 hic
728 380 857 436 vocatur
887 373 1035 447 cbristus,

113 480 197 554 quod
222 480 349 542 consilia
371 481 420 540 illa
442 479 605 546 duodecim
627 479 758 559 dederit,
786 486 819 540 ut
839 480 920 558 Lyra
942 481 1035 541 inter-

68 592 252 673 pretatur
274 593 351 647 toto
362 586 463 646 coelo
471 599 586 667 errare,
598 584 664 647 sed
688 592 815 647 vocatur
833 564 983 650 mirabilis
1004 592 1044 648 el-

111 690 308 752 consiliarius
335 696 459 767 propter
481 689 608 751 consilia
629 706 687 752 sua
712 672 888 752 admiranda
910 691 1035 768 optima,
1072 688 1074 695 '

110 793 273 868 sublimia,
295 796 562 872 praestantissima
585 803 614 856 et
628 796 895 877 praesentissima,
918 799 1034 875 quibus

110 901 203 963 adest
224 901 369 966 membris
392 902 469 963 suis.
488 951 503 983 ,
1000 910 1002 925 '

99 1036 105 1047 ·
191 1007 364 1085 ‘Postquam
393 1009 473 1069 enim
501 1006 595 1069 homo
617 1006 832 1068 admirabiliter
846 983 902 1069 'est
923 1008 1036 1082 liberu-

110 1119 162 1173 tus
192 1127 247 1188 per
275 1114 401 1174 verbum
430 1121 459 1173 et
488 1112 676 1190 baptismum
709 1118 899 1190 apotestate
921 1112 1035 1176 diaboli

105 1199 141 1277 xet
178 1217 276 1278 iactus
306 1216 496 1280 Christianus
531 1217 633 1295 (quod
671 1224 720 1279 est
746 1218 924 1279 admirabile
953 1206 1033 1296 opus

111 1322 256 1398 Christi),
279 1323 380 1384 statim
396 1304 567 1401 sequuntur
582 1338 704 1399 pugnae
716 1330 749 1385 et
770 1324 877 1396 luctae,
899 1324 1035 1387 incidunt

111 1430 218 1490 vanae
246 1445 283 1490 ac
310 1426 493 1506 multiplices
519 1427 728 1501 difficultates,
760 1445 909 1490 vexamur
929 1430 1032 1491 multis

110 1534 331 1597 tentationibus
353 1541 383 1595 et
405 1534 585 1613 aliquando
592 1534 714 1606 talibus,
709 1550 818 1636 quae
839 1536 1034 1627 liquefaciunt
1083 1614 1086 1623 A

111 1657 179 1713 cor,
213 1640 318 1702 etsie
346 1648 505 1703 exercent
515 1655 587 1712 nos,
623 1646 673 1701 ιιι
686 1640 747 1701 vita
768 1642 859 1703 etiarn
882 1642 971 1705 nobis
993 1643 1034 1705 sit

107 1745 224 1809 acerba
237 1745 347 1808 lutura.
381 1744 418 1807 Et
431 1744 481 1808 bis
504 1743 733 1808 difficultatibus
756 1763 792 1808 ac
813 1738 1032 1811 tentationibus

111 1850 323 1915 conflictantur
349 1851 400 1941 vel
427 1851 560 1912 maxime
580 1853 612 1912 in
634 1852 755 1928 publico
778 1853 943 1916 ministerio
965 1856 1031 1932 epi
1096 1896 1098 1904 ·

113 1956 198 2035 scopi
230 1963 260 2017 et
288 1963 440 2034 pastores
482 1937 520 2017 Hi
550 1963 699 2042 cogpntur
725 1972 819 2020 onera
847 1959 1031 2036 gravissima

111 2063 140 2123 in
159 2078 196 2125 se
216 2063 393 2140 suscipere,
415 2061 446 2123 hi
470 2078 566 2139 saepe
588 2063 634 2124 sic
656 2063 847 2138 exagitantur
867 2073 900 2126 el
914 2082 1031 2128 vexan-

86 2175 167 2249 ,tur,
190 2176 222 2231 ul
237 2184 296 2230 non
313 2170 418 2244 procul
434 2168 568 2230 absinta
588 2168 818 2245 desperatione,
840 2178 935 2250 utque
956 2170 1030 2233 nibil
1084 2167 1087 2179 '

112 2289 243 2350 usquam
257 2274 415 2336 inmundo
435 2273 569 2351 supersit
591 2274 661 2351 opis
682 2280 713 2334 et
733 2274 859 2336 consilii.
893 2277 947 2338 llic
969 2284 1032 2341 sta·

111 2364 161 2441 tim
176 2381 267 2442 adest
278 2386 308 2441 et
324 2380 454 2443 consulit
475 2378 525 2440 lric
547 2379 739 2441 consiliarius
759 2388 865 2442 noster
881 2381 1032 2450 chirstas.

113 2519 116 2523 ,
191 2486 327 2562 Surgunt
339 2485 467 2557 mriaui,
504 2485 657 2562 Pelagiaui
684 2502 722 2547 nc
751 2488 882 2560 similes,
913 2496 1031 2565 pertur-

80 2591 220 2659 ,bancos
252 2600 283 2654 et
312 2593 521 2653 concutientes
557 2593 719 2654 ecclesiam
750 2600 813 2655 tarn
840 2578 1031 2667 horribiliter,
1123 2597 1126 2600 ’

73 2684 82 2697 ’
109 2704 141 2758 ut
157 2697 320 2759 videantur
333 2698 434 2759 omnia
457 2713 576 2770 casura,
598 2699 653 2759 sed
676 2696 817 2762 Christus
838 2684 1031 2763 consiliarius

84 2804 161 2879 bio
189 2804 273 2865 vivit
316 2804 347 2865 ls
376 2805 466 2865 adest
495 2804 622 2881 spiritus
651 2805 749 2865 sancti
773 2804 897 2878 virtute,
931 2821 1030 2892 eaque

104 2926 185 2972 suos
208 2917 378 2980 conservat,
402 2926 493 2985 opem
506 2911 570 2980 lert,
583 2925 648 2986 -per
663 2909 799 2970 eundem
822 2909 1033 2973 subministrat

105 3014 293 3092 sapientiam
336 3015 484 3086 divinam,
531 3016 690 3081 consilium
737 3015 1029 3091 praesentissimum,

107 3129 290 3200 argumento
300 3108 475 3183 firmissima
489 3127 519 3181 et
538 3122 669 3193 invicta,
683 3117 916 3199 solutionesque
937 3123 1030 3184 robu-

106 3228 265 3291 stissimas
299 3234 405 3289 contra
439 3216 546 3289 omues
581 3234 686 3304 portas
713 3226 891 3302 interorum,
924 3229 969 3290 sic
997 3235 1031 3291 ul
1073 3261 1090 3301 ,

106 3332 332 3413 confundantur
352 3314 497 3394 baeretici
519 3331 701 3403 el'lauatici,
719 3318 779 3393 ¹nec
801 3341 905 3395 cessat
921 3329 1046 3397 diabo?

105 3441 170 3501 lum
193 3438 360 3514 expellere,
389 3446 482 3514 caput
502 3422 570 3513 ejus
591 3443 764 3509 conterere,
789 3454 928 3517 eumque
949 3439 1026 3501 deri·

105 3544 244 3605 dendum
256 3530 413 3620 praebere.
439 3542 730 3605 Sicadeslcousilio
752 3543 827 3615 suis,
850 3544 1028 3606 eeclesiam·
1055 3544 1067 3591 f

105 3630 170 3728 pne
200 3665 287 3739 suam
317 3654 436 3723 servat,
473 3627 542 3710 curn
565 3650 613 3708 vel
636 3648 766 3709 maxime
789 3648 963 3725 periclitari,
999 3645 1061 3711 et'
1099 3661 1102 3670 ·

100 3754 167 3834 jam
188 3740 307 3819 ruinam
330 3754 435 3817 minari
458 3739 587 3816 uidetur.
