2258 4170
419 186 423 195 '
513 171 619 275 Esaiae.
823 206 829 217 ι
963 155 1073 260 121ἱ

99 352 322 432 desperabunt,
345 365 398 417 aut
410 357 468 416 sibi
482 356 559 433 ipsis
572 370 680 415 manns
693 351 828 422 afferent.
851 349 927 412 Sunt
941 349 1021 409 enirn

103 462 330 538 amoenissimi
347 470 483 531 satanae,
506 464 579 537 quia
598 477 660 520 non
675 467 746 519 aunt
760 459 880 532 aiiogati
893 457 933 517 ad
955 471 1023 515 vor-

106 565 176 626 brm
193 575 363 638 externum,
375 573 404 627 et
426 568 464 628 ad
478 575 593 643 petram
615 567 694 627 iilam
708 562 757 640 ⁸),
781 578 861 640 quae
873 547 946 624 soia'
963 562 1023 622 vim
1067 622 1073 633 ,

109 688 257 750 aquarum
282 679 311 732 et
332 673 524 748 tempestatis
546 674 704 733 sustineto·
760 655 763 664 ’
824 673 826 677 ’

189 777 289 852 Quare
312 780 479 840 meminerit
502 768 724 855 unnsquisnua
751 783 783 837 ut
804 775 864 835 boc
884 773 1023 843 uerbum,

110 884 189 960 urod
215 885 243 943 in
265 866 456 967 bibiiaiegit,
480 886 562 960 quod
585 879 935 973 exorenhorninisaudit
960 895 1024 938 nra-

113 988 180 1048 rimi
211 990 302 1049 iaciat
314 970 423 1072 ¹⁸¹')]..'
446 991 520 1065 Quia
550 991 627 1050 enirn
657 988 817 1050 Ciiristiani
841 986 907 1045 sine
928 985 1044 1046 notice-

100 1096 219 1173 ,rivere
239 1112 297 1156 non
322 1082 460 1170 possunt,
482 1113 561 1173 opus
583 1096 697 1155 babent
719 1094 829 1165 verbo,
851 1092 933 1170 quod
952 1106 1024 1151 con-

56 1200 61 1271 i
114 1201 230 1260 traiinm
269 1217 288 1260 a
319 1217 415 1262 sensu
450 1203 602 1278 praesenti
633 1203 819 1279 potiiceatur.
868 1197 901 1257 Ei
931 1196 1049 1257 verbo*

111 1306 233 1366 credere
256 1313 304 1367 est
326 1313 408 1366 certa
431 1306 567 1376 victoria,
590 1324 658 1366 nam
682 1288 924 1382 et'praesentem
939 1303 1025 1362 doio·

109 1412 149 1471 ris
171 1426 300 1472 sensum
323 1412 402 1481 ienit,
425 1428 515 1487 quem
538 1414 621 1471 nuria
641 1428 691 1472 res
714 1408 836 1472 externa
856 1410 947 1468 tenire
969 1422 1024 1483 po·

108 1523 181 1587 test,
211 1524 246 1577 et
271 1525 417 1593 properat
445 1516 533 1578 etiam
562 1517 789 1584 liberationem„
834 1513 913 1593 [Non
946 1512 1026 1573 enini
1081 1522 1084 1529 ·

107 1623 217 1684 trustra
244 1619 443 1697 Paurusm)
475 1606 631 1691 admo‘net,
669 1622 819 1682 habentes
857 1635 943 1696 spem
971 1630 1026 1694 per

106 1728 350 1790 consolationem
374 1730 607 1804 scripturarum,
635 1729 724 1789 item:
760 1725 866 1788 Omnis
886 1723 1023 1786 ri'octrina

106 1832 254 1894 diviuitas
276 1833 424 1909 inspirata
447 1834 486 1894 ad
508 1830 678 1933 docendum
701 1808 782 1895 utilis
804 1827 897 1907 estl)
921 1838 976 1890 etc.

302 2040 393 2189 ⁴fiili
413 2088 660 2188 ῃίιᾷιαςοςίιπι
682 2099 836 2166 uenatu.
869 2139 875 2153 ι
957 2116 960 2126 ·

190 2272 1024 2356 coepirprapberaprophetiam****)deregnocnristt

106 2381 282 2466 evaugelio,
303 2381 559 2447 iideetecclesia.
586 2384 667 2447 tion
680 2392 779 2445 autem
802 2380 871 2443 uno'
881 2393 1024 2442 sermone

107 2484 168 2545 boo
199 2496 409 2560 argumentum
437 2490 593 2562 tractavit,
622 2488 678 2551 sed
705 2490 784 2550 sicut
813 2504 870 2550 nos
895 2498 1024 2567 ¹quoquc

109 2590 138 2649 in
159 2592 276 2652 nostris
305 2593 505 2656 concionibus
527 2578 683 2665 solemus,
715 2595 843 2669 uariauit
870 2591 1024 2653 tractatio·

111 2678 179 2755 uem
202 2698 261 2755 aiia
285 2705 378 2776 atque
401 2700 460 2759 aiia
481 2701 585 2762 forma.
631 2702 757 2763 Videtur
778 2700 868 2775 igitur
900 2696 950 2756 bic
972 2711 1026 2777 no·

112 2818 180 2860 vum
202 2819 375 2885 sermonem
387 2784 425 2865 be
447 2806 553 2866 eadem
577 2824 609 2869 re
630 2807 796 2868 instituere.
840 2803 928 2864 Videt
951 2816 1025 2877 syn·

110 2922 240 2980 agogum
284 2910 377 2970 variis
416 2912 641 2974 calamitatibus
680 2927 882 2989 oppressam.
931 2906 1023 2967 variis

92 3012 195 3072 beiiis
226 3020 255 3072 et
295 3015 522 3089 captivitatibus
558 3027 697 3079 vexatam
737 3034 819 3078 ease.
877 3010 1025 3075 Promittit

108 3118 195 3192 igitur
210 3117 364 3178 Christum
378 3119 438 3180 hoc
450 3102 557 3197 capite,
575 3127 662 3207 quasi
681 3124 776 3183 dicat:
809 3121 912 3181 Toties
935 3117 1025 3193 capti,

105 3223 264 3298 redempti,
286 3233 317 3283 et
328 3225 556 3288 deinde-nerum
571 3230 681 3290 vastati
695 3231 782 3298 estis,
804 3225 1024 3302 againstituam

104 3328 275 3406 aliquando
305 3324 558 3408 redemptionem}
591 3351 672 3410 quae
700 3335 740 3395 sit
768 3341 905 3401 aeterna,
933 3343 1024 3406 quam

176 3547 210 3614 ⁸)
230 3546 319 3600 latro.
335 3547 373 3637 7.ι
400 3547 448 3617 “)
466 3547 638 3603 liuicterinur
658 3552 732 3604 verbi
758 3554 844 3620 magui
862 3551 1021 3605 iaciendum.
1092 3592 1095 3597 .

99 3643 170 3710 ⁰⁸⁸)
191 3641 269 3701 Rom.
285 3632 329 3695 15.
348 3640 374 3694 2.
393 3642 459 3696 Tiro.
478 3642 504 3697 ³.
542 3643 628 3713 ⁸⁸⁹⁸)
648 3647 754 3699 Summa
772 3646 841 3721 Cap„
855 3647 898 3699 ⁵2.

178 3734 210 3803 l)
232 3734 261 3785 in
283 3730 347 3789 erit.
367 3736 609 3793 instrument
