2258 4170
430 185 497 262 Gap.
518 179 548 246 9.
569 183 696 243 Esaiae.
837 258 850 277 ἱ,
949 125 1028 239 377*

74 435 78 440 ,
100 365 216 428 mutuis
243 362 351 441 gladiis
373 379 410 424 ac
429 363 555 425 lanienis
578 359 776 425 adversarii·
768 361 827 438 rpsi
849 374 921 422 sese
942 374 1015 419 con·
1020 384 1023 388 ·

100 463 254 533 delebant.

187 577 288 654 Supra
328 573 457 636 audistis
496 574 685 650 allegoriam,
729 571 781 633 hic
813 568 1014 648 significatum
1051 634 1056 642 ,

102 698 190 753 esse,
227 686 404 759 peccatores
437 689 466 741 ct
486 678 597 756 impios
615 677 722 740 confici
743 675 875 755 propriis
896 672 1017 751 linguis,
1100 681 1109 692 ·

102 787 164 848 hoo
189 793 258 858 est,
294 801 413 848 errores
447 791 658 862 peccataque
667 799 725 845 sua
760 781 910 852 confiteri,
930 775 1041 841 tuba

103 892 289 969 evangelii
276 899 306 950 et
326 872 449 969 spiritus
472 892 569 953 sancti
589 890 661 964 igne
683 887 803 949 territos
825 903 862 948 ac
884 874 992 946 motos.
1069 883 1072 888 “

103 1015 289 1090 Quoniam
320 1009 540 1072 conflictus
570 1010 867 1086 confligentium
899 1009 934 1068 in
956 1014 1017 1068 tu·

103 1122 235 1190 multu,
258 1113 1014 1231 elvestimentumipvolutumsanguine
1080 1132 1084 1151 ι

218 1223 482 1291 comburetur,
506 1229 543 1280 et
567 1222 632 1281 erit
655 1220 796 1282 cibus
788 1221 906 1297 ignis
1000 1234 1002 1238 “

187 1328 305 1390 Ebraea
325 1344 386 1388 vox
406 1318 492 1397 uiri
511 1342 570 1386 non
592 1326 742 1401 significat
764 1327 886 1415 proprie
908 1325 1017 1384 tumul-

106 1454 183 1516 tum,
218 1452 251 1506 ut
283 1441 360 1512 dixi,
397 1438 451 1501 sed
488 1436 651 1499 maximum
681 1445 812 1509 motum,
848 1438 1019 1507 clamorem,

105 1549 264 1627 strepitum
285 1562 447 1625 equorum,
470 1550 621 1633 armorum
645 1550 675 1603 et
696 1545 844 1616 virorum,
867 1541 967 1621 qualis
989 1542 1019 1603 in

105 1671 210 1732 pugna
223 1650 279 1724 es't,
303 1658 355 1712 aut
374 1648 548 1711 horribilem
570 1656 790 1737 tempestatem,
812 1658 844 1711 ut
860 1649 941 1737 Psal.
963 1645 1018 1710 18:
1066 1702 1089 1716 ,,

59 1732 64 1743 “
106 1754 1020 1838 Commovebaturetcontremiscebatterraetc.,ubiproso-

107 1865 240 1942 popoeia
258 1862 390 1940 quadam
402 1858 560 1928 horribilis
583 1861 677 1922 iacies
697 1841 888 1936 tempestatis
910 1858 1021 1931 adriae,

107 1953 156 2023 vel
177 1963 222 2022 ira
244 1960 377 2025 aetheris
400 1979 455 2024 seu
477 1965 601 2024 nubium
624 1965 812 2025 describitur.
853 1964 885 2023 ln
906 1971 1022 2043 tempe·

107 2073 187 2128 state
210 2067 299 2140 enim,
321 2068 448 2129 sonante
462 2067 520 2135 ,illo
542 2067 665 2130 domino
686 2076 716 2129 et
737 2048 845 2135 edente
866 2069 1022 2151 mugitum,
1080 2140 1087 2155 ,

107 2180 379 2233 commoventuret
400 2174 634 2235 contremiscunt
656 2173 766 2247 omnia,
787 2174 913 2246 coelum,
935 2184 1022 2247 terra,

77 2329 79 2334 .
106 2292 205 2348 mare,
229 2260 332 2338 aether
354 2272 519 2355 concrepat
539 2279 691 2349 tonitruis,
713 2286 874 2354 erumpunt
895 2295 913 2339 e
933 2279 1022 2339 nubl-

104 2382 166 2443 bus
189 2383 294 2444 densis
311 2390 341 2444 et
362 2383 477 2444 crassis
498 2383 630 2458 fulgura,
652 2384 816 2445 funduntur
836 2391 865 2445 et
888 2391 1030 2462 moster·-
1100 2413 1103 2420 ·

104 2494 218 2549 nuntur
240 2489 381 2559 arbores,
404 2488 581 2549 occiduntur
602 2487 741 2549 animalia
763 2497 820 2550 etc.
1020 2484 1024 2501 ²

191 2592 261 2653 Vult
288 2582 368 2669 crgo
390 2592 492 2653 dicere
514 2591 678 2673 propheta,
711 2576 830 2655 Omnis
839 2611 941 2672 pugna
964 2590 1023 2657 seu

104 2697 308 2758 conflictusin
333 2698 454 2775 proeliis
477 2696 510 2758 lit
532 2681 656 2775 mugitir,
679 2699 819 2771 clamore,
841 2701 970 2777 strepitu
992 2707 1030 2763 et'
1073 2752 1077 2759 .

103 2804 234 2863 tumultu
247 2801 389 2874 horribili,
411 2801 613 2864 commotione
626 2820 660 2865 ac
671 2804 870 2881 trepidatione
881 2805 1029 2911 maxima,

103 2903 281 2982 infliguntur
303 2909 443 2980 vulnera,
464 2906 501 2968 fit
518 2904 629 2969 caedes
641 2904 841 2982 miseranda,
863 2912 1020 2987 sanguinis

104 3010 277 3083 riviiluunt,
299 3014 448 3088 sangume
462 3021 566 3075 vestes
578 3021 771 3075 cruentantur
783 3022 813 3075 et
825 3016 1019 3079 maculantur
1047 3024 1056 3101 ᾗ

104 3114 190 3176 Talis
214 3131 285 3177 vero
306 3134 426 3194 pugna,
450 3104 527 3180 tales
550 3100 737 3193 congressus
758 3135 817 3180 non
840 3111 930 3181 futuri
951 3128 1022 3182 sunt

104 3206 135 3281 ih
165 3219 257 3297 hujus
288 3222 410 3282 inlantis
439 3223 521 3299 regis
549 3230 579 3284 et
604 3221 767 3284 salvatoris
794 3225 888 3285 nostri
917 3241 1021 3301 regno,

104 3310 181 3403 qnia
203 3329 290 3387 talem
314 3304 486 3407 tumultih'n,
515 3329 605 3389 talem
627 3329 785 3388 mixturam
808 3336 837 3389 et
858 3331 1020 3391 involutio·

104 3449 174 3493 nem
202 3414 401 3493 vestimenti
394 3450 422 3492 m
445 3433 593 3508 sanguine
614 3432 772 3494 devorabit
792 3442 822 3494 ct
843 3434 1021 3497 absorbebit

103 3538 200 3614 ignis,
234 3536 297 3629 hoc
323 3543 384 3610 est,
417 3544 570 3616 nunquam
599 3538 628 3599 in
637 3534 781 3600 ecclesia
802 3538 856 3655 erit
877 3540 937 3601 tale
957 3546 1018 3600 tam

103 3648 263 3761 cruentum
286 3642 407 3705 bellum.
507 3652 509 3657 '

130 3746 251 3810 Sed
282 3747 354 3826 quid
377 3751 455 3823 vult,
485 3744 567 3828 quod
588 3746 689 3812 dicit
681 3736 781 3826 ignem
802 3728 1028 3812 devoraturum
1076 3834 1081 3839 ἡ

925 4024 1031 4076 ⁴⁴t
