2258 4170
291 123 294 127 ’
337 199 340 204 ¹
406 58 486 190 ‘Gap
507 108 536 174 9.
558 85 675 210 lissiae,
748 76 754 84 Ι
924 107 1021 213 1θῖ
1053 130 1058 136 ’
1096 178 1099 193 δ

82 308 196 369 corpps
233 309 338 355 eorum
369 291 630 365 mortificabatur,
656 291 729 364 ‚sed
766 307 866 384 novus
906 292 1000 355 bomo

84 398 307 476 triumphabat,
340 397 649 475 uulneratorum,
682 405 748 459 erat
780 398 904 461 libertas
940 399 1000 472 illa,

83 521 172 580 quae.
186 504 315 567 humero
328 502 500 589 -dliihujus
523 505 667 581 imposita
690 511 746 566 est.

166 612 248 674 Haec
277 618 325 671 est
354 607 636 693 igiturchristiana
662 610 796 687 cognitio
826 619 856 672 et
878 624 1000 672 summo
1054 655 1056 662 .

82 719 250 794 sapientia,
278 731 482 792 cognoscere,
512 717 594 792 quod
618 716 716 778 simus
737 704 804 788 lilii,
833 714 1000 793 dominici

71 813 240 886 'Saraceni'
255 822 285 883 in
307 822 424 907 spiritu.
467 821 500 880 ln
521 821 638 898 spiritu,
659 821 793 899 inquam.
825 820 902 912 caro
925 822 1000 884 sub-

79 924 201 1014 jicic'tur
222 934 345 1004 sceptro
366 926 533 998 exactoris,
554 924 615 1007 hcc
636 920 700 1008 ost,
724 926 799 1003 legi,
820 925 999 1003 conjiciatur

81 1035 110 1093 in
133 1033 244 1110 ignem,
266 1032 516 1110 excarnificari,
525 1015 674 1110 plectatur
694 1033 803 1110 capite,
825 1033 999 1098 variismoL
1091 1103 1093 1106 Α

81 1140 135 1200 dis'
153 1148 331 1201 exerceatur
353 1145 383 1199 et
404 1143 588 1207 maceretur,
620 1145 653 1199 ut
681 1144 762 1199 certe
789 1137 881 1224 uariis
904 1137 996 1199 eliam
1052 1122 1056 1131 ⁴

82 1246 307 1316 tentationibus,
330 1243 461 1304 miseriis
484 1249 577 1320 atque
603 1244 760 1336 aerumnis
777 1242 917 1321 ,quotidie
938 1259 1012 1323 ver.
1042 1332 1044 1335 Ι

79 1368 196 1423 xamur,
208 1351 317 1412 sicut
340 1337 531 1412 attenuentur
550 1338 630 1409 hin’c
643 1346 734 1409 etiam
757 1350 838 1412 vires
856 1350 995 1428 corporis
1084 1403 1109 1419 f,

77 1433 184 1518 nostri.
227 1455 288 1517 Sed
310 1472 371 1541 non
393 1455 433 1516 ob
455 1456 484 1516 id
506 1455 768 1532 periclitabimur...
794 1453 839 1525 Ba
859 1471 910 1516 res
932 1472 995 1527 ¹non

14 1594 17 1599 ·
77 1550 216 1636 nocebit,
247 1579 307 1624 non
340 1547 454 1623 adferet
480 1561 570 1623 nobis
603 1559 770 1638 quidquam
801 1562 994 1638 incommodi,
1102 1548 1104 1552 ⁸

77 1670 135 1733 sed
163 1669 250 1731 cedet
278 1668 324 1730 ad
340 1668 493 1729 cumulum
525 1667 639 1742 gloriae
661 1657 794 1728 nostrae
835 1667 993 1749 Dominus,

74 1774 242 1854 infantulus
264 1776 326 1847 ille,
348 1780 451 1836 manet
471 1772 560 1835 nobis
582 1770 679 1846 filius,
699 1771 829 1843 Mlsrah,
856 1789 992 1851 regnum,

73 1879 248 1958 triumphus
269 1888 300 1940 et
322 1878 448 1940 victoria
469 1887 584 1967 nostra.
602 1878 675 1938 -Per
696 1875 778 1938 hunc
798 1894 859 1963 non
880 1895 993 1956 possu·
1014 1913 1016 1916 ·

73 2001 146 2046 mus
167 2002 227 2046 non
249 2001 320 2047 esse
342 1984 455 2046 domini
477 1963 637 2056 liberrimi,
655 2000 709 2061 per
729 1981 811 2044 hunc
831 1984 941 2047 utimur
963 1991 993 2046 et

46 2075 50 2084 ’
71 2090 202 2151 fruimur
222 2085 373 2151 liberrima
396 2090 546 2161 libertate,
564 2089 629 2150 sed
650 2088 819 2151 secundum
840 2089 991 2172 internum

71 2194 237 2268 homiuem,
260 2212 322 2256 non
341 2204 506 2259 externum.
535 2194 710 2280 Secundum
731 2192 994 2260 oamemlibertas·

69 2301 121 2362 illa
143 2300 217 2361 nihil
240 2311 383 2378 operatur
404 2304 485 2365 boni.
528 2281 656 2362 Carnem
686 2315 816 2362 necesse
846 2307 989 2364 estesse
1032 2333 1034 2337 v

70 2407 236 2493 sublege,
264 2406 322 2468 sub
352 2410 515 2471 tortoribus
545 2395 673 2477 diaboli,
714 2405 766 2483 qui
789 2423 845 2485 nos
868 2398 997 2485 semper*
1101 2420 1118 2431 ‘¹

70 2513 225 2583 divexent,
246 2510 346 2575 etsub
359 2506 742 2582 m‘alisetiamhomiuibus,
764 2506 993 2589 quinosexsra·

69 2625 168 2679 ceant.
203 2617 287 2678 llaec
309 2618 389 2678 mala
412 2616 561 2695 pertinent
583 2616 797 2693 adsceptrum
820 2609 988 2681 exactoris,

155 2722 218 2784 Sed
238 2723 315 2784 Sara
335 2719 436 2785 tameo
459 2723 592 2796 victoria,
615 2716 827 2801 praecellentia
848 2729 878 2784 ct
894 2723 986 2786 liber-

69 2837 128 2901 tas,
150 2835 325 2906 superstet
348 2829 428 2890 adsit
453 2845 582 2905 semper,
606 2830 840 2907 consoleturque
862 2836 892 2889 et
914 2844 988 2890 con-

70 2936 170 2996 firmat
195 2951 309 2997 novum
338 2933 507 3006 hominem,
534 2941 568 2996 ut
588 2933 692 2995 dicore
711 2932 843 3011 possim,
876 2933 985 3005 Patiar,
1079 2960 1081 2967 v

71 3047 218 3118 quantum
234 3040 357 3121 patiar,
379 3040 575 3117 quantumvis
596 3039 728 3116 graviter
750 3039 893 3100 income
914 3038 986 3101 crir-

70 3148 139 3218 cicr‚
161 3145 324 3224 multisque
346 3147 434 3230 malis
458 3141 494 3206 'ac
515 3145 647 3206 miseriis
669 3142 836 3216 conflictor,
859 3143 934 3204 vivit
950 3151 985 3206 *et
1086 3152 1092 3170 ¹

70 3232 206 3313 vivificat
240 3259 341 3312 temen
371 3251 534 3323 dominus,
559 3248 637 3312 lilius
662 3250 716 3317 ,ille
745 3239 819 3309 milri
840 3249 930 3310 datus
952 3256 982 3310 et
1072 3267 1074 3271 ¹

69 3356 214 3418 liberatur
235 3373 332 3435 meus.
690 3336 710 3405 ’-

151 3461 355 3538 ,8111111111
378 3441 570 3539 (1111111111
592 3459 835 3532 cive-Romano,
863 3458 981 3536 magnis

10 3566 14 3584 '
67 3566 180 3644 opibus
202 3565 353 3639 affluente,
375 3567 459 3644 quod
475 3551 804 3644 'proptercbristianae
824 3565 978 3641 religionis
1071 3568 1074 3575 '

42 3667 304 3750 professionem,
340 3672 484 3734 elbonis
517 3671 658 3733 omnibus
691 3671 854 3749 spoliatus,
889 3677 919 3733 et
949 3669 997 3731 in·¹
