2258 4170
501 175 611 251 Esaiae.
975 175 1019 243 53
1081 184 1084 189 ’

109 340 142 419 le
160 354 301 418 omnibus
314 357 543 421 tentationibus.
578 357 616 418 -ln
637 355 719 418 omni
740 357 820 420 enim
842 360 1017 427 calamitate

98 472 137 526 'et
155 480 253 542 poena
280 469 428 528 terremur
439 463 575 540 peccatis
593 464 707 524 nostris
729 471 759 545 et
783 463 827 524 ira
842 465 904 549 [lei.
947 465 1020 528 inde
1043 540 1048 558 Ι

111 575 273 648 mquuntur
292 567 471 645 hujusmodi
498 569 645 647 suspiria,
667 569 772 646 qualia
792 567 845 631 hie
865 569 1019 655 propheta
1090 618 1093 623 .

111 672 257 739 rescribit
397 662 400 671 '
1047 678 1050 683 “

92 824 96 833 .
177 781 264 843 Facit
288 787 393 842 autem
415 781 529 858 gradus
546 779 710 856 quosdam.
755 779 822 842 llos
839 778 918 841 enim
934 781 1019 844 coeli

59 894 65 902 “
107 896 148 952 eet
172 884 296 951 divinus
325 887 429 958 lavor,
460 901 522 963 quo
543 886 628 947 Dens
650 885 961 962 suos‘oomplectitur
988 894 1034 949 etx
1092 896 1097 907 ·

105 997 189 1057 levet.
218 993 333 1054 *iluna
368 976 472 1053 statim
509 992 614 1069 pluvia
640 1008 682 1053 ax
711 991 845 1080 nubibus
868 994 1018 1070 sequitur.

66 1180 69 1187 Ι
104 1080 231 1161 inunum
252 1098 333 1159 enim
356 1080 474 1174 gratiae
494 1099 607 1161 donum
630 1105 762 1175 etopus
783 1105 831 1158 est
853 1096 927 1158 dare
948 1098 1019 1177 pios

59 1192 67 1245 Γ
103 1205 256 1276 doctores,
285 1204 340 1281 qui
364 1199 490 1265 verb'nm
514 1221 590 1282 pure
612 1203 750 1276 doceant.
793 1202 860 1264 Hoc
882 1219 952 1291 cum
974 1202 1017 1276 fit,
1064 1234 1067 1238 ·

61 1332 64 1337 ·
104 1311 234 1388 aperitur
253 1317 351 1381 terra,
378 1309 523 1382 honest,
556 1310 646 1372 datur
666 1324 835 1370 successus
870 1308 964 1381 verbi,
985 1317 1018 1371 ut

59 1474 62 1489 ,
104 1415 182 1478 multi
200 1415 264 1477 sint
286 1414 439 1513 discipuli.
480 1415 552 1477 Inde
567 1408 753 1492 germinatur
769 1415 864 1485 salus,
880 1413 942 1476 hoe
962 1421 1019 1486 est,

98 1522 265 1605 ¹liberantur
285 1521 508 1609 conscientiae,
537 1529 567 1583 et
596 1521 739 1583 tolluntur
762 1536 887 1598 quoque
907 1522 1018 1598 plagae

59 1610 68 1689 tu
106 1629 286 1707 corporales,
308 1636 339 1690 et
359 1627 454 1690 oritur
474 1628 564 1689 simul
576 1627 700 1703 justitia,
721 1626 751 1688 id
774 1634 830 1700 est
846 1634 1018 1705 sequuntur
1110 1604 1114 1617 ¹

106 1737 214 1801 luctus
235 1734 390 1812 lignium
414 1732 661 1825 praedieatione..
939 1793 944 1804 ,
982 1754 987 1791 ι

212 1958 215 1963 ,
267 1918 567 1998 rannemirus
589 1921 728 1984 creavi
751 1938 845 1984 eum.

125 2080 128 2085 ·
171 2051 334 2143 'qemitum
355 2058 385 2113 et
406 2050 573 2119 orationem
601 2050 707 2129 populi
739 2050 853 2129 captivi
879 2048 1018 2129 sequitur

88 2157 266 2220 exauditio.
307 2157 420 2219 Petilia
444 2156 592 2233 justitiam
621 2164 652 2220 et
678 2158 821 2229 salutem,
839 2172 929 2229 ¹<eece
947 2158 1017 2233 'ego

111 2263 248 2326 Dominus
264 2263 368 2325 creavi
387 2264 500 2349 ¹illatet
521 2264 561 2326 ‘do
582 2262 681 2337 vobis,
704 2269 819 2324 tantum
839 2277 879 2323 ne
893 2261 1014 2323 deficite

82 2368 174 2451 nido,
199 2374 339 2447 speram,
378 2375 408 2430 et
436 2369 573 2431 liberabo
602 2385 670 2430 vos.
712 2370 795 2430 Haec
822 2374 870 2429 est
892 2367 1016 2446 propria
1059 2368 1065 2387 '

106 2460 133 2537 et
156 2490 302 2553 germana
322 2475 489 2546 sententia,
516 2491 598 2552 quae
625 2473 700 2536 nihil
727 2473 900 2537 dissideta
926 2489 1016 2550 prae·

107 2580 277 2644 oedentibus
292 2587 323 2642 et
334 2581 544 2659 sequentibus.
565 2578 662 2658 inepti
676 2579 766 2656 igitur
779 2586 850 2642 suut
863 2581 1016 2658 nepisino,

107 2687 153 2766 qul
173 2687 203 2748 in
225 2686 348 2764 templis
368 2686 408 2748 de
428 2686 522 2748 beata
544 2685 639 2747 illaria
659 2683 737 2748 haec
758 2687 870 2764 tegunt.

280 2874 359 2934 Vae
380 2873 446 2951 qui
468 2873 564 2936 dicit
585 2873 725 2954 laeteri
748 2888 830 2937 sno.

180 3002 336 3064 Hactenus
358 3002 397 3063 de
418 2978 788 3080 praenuntiatarum
813 3008 921 3064 tractat
941 3003 1015 3063 alte·
1050 3037 1061 3052 -

106 3125 165 3170 ram
193 3124 458 3187 prosopopoeam‚
479 3108 623 3180 honest,
658 3109 819 3186 impiorum
841 3124 1014 3186 personam,

103 3204 155 3296 'qul
175 3212 369 3278 offenduntur
383 3215 413 3274 in
433 3214 521 3276 iactis
533 3212 597 3287 Ilei,
621 3215 704 3293 quod
716 3213 819 3275 vident
838 3230 875 3276 se
896 3213 1013 3277 haben·

106 3326 150 3382 tes
167 3335 279 3409 nomen
300 3319 407 3397 populi
427 3319 483 3380 Dei
504 3317 612 3398 afiligi,
632 3326 664 3382 et
682 3319 880 3398 Babylonios,
902 3319 1013 3398 impias

59 3442 65 3453 ··
108 3422 216 3502 g'eutes,
228 3423 348 3499 llorere,
369 3431 399 3486 et
420 3425 496 3488 miro
508 3442 658 3489 successu
671 3426 735 3488 frui.
756 3425 904 3503 Incipiunt
924 3426 1014 3503 igilur

59 3510 66 3623 f
108 3546 173 3593 cum
192 3532 257 3594 ileo
280 3533 492 3612 expostulare,
524 3548 620 3611 qnare
641 3531 672 3593 iol
692 3532 793 3596 saciat.
834 3530 889 3593 list
911 3540 1011 3593 autem

59 3672 61 3691 .
109 3635 236 3698 omniurn
257 3639 347 3715 longe
373 3637 633 3716 periculosissima
659 3643 690 3701 et
718 3636 851 3699 niaxime
878 3637 1012 3710 tentatio,

107 3740 258 3820 disputare
278 3760 348 3825 eum
367 3744 447 3819 Deo,
470 3759 567 3823 quare
584 3744 654 3809 hoc
675 3746 724 3807 vel
744 3743 825 3807 illud·
838 3743 885 3807 sic
906 3743 1010 3807 saciat.
1045 3791 1048 3795 .
