2258 4170
480 155 608 283 perdar.
743 197 800 243 -’
945 173 1010 263 293

109 383 221 450 fiebant.
262 379 435 456 Allegorice
463 389 562 443 autern
586 379 687 461 adhuc
715 379 790 442 liunt
809 380 848 440 ab
870 368 1040 443 omnibus*
1089 423 1092 426 -

106 484 271 556 haereticis,
310 485 350 546 illi
373 486 549 557 comedunt,
578 486 607 544 id
631 493 690 556 est,
712 487 837 558 docent,
873 484 1008 556 credunt,

105 589 287 678 praedicant,
320 592 438 681 suillam
461 608 583 666 carnem
604 599 773 662 elmures,
804 591 919 662 idest,
954 605 1012 655 aua

102 697 224 765 electitia
246 698 405 773 dogmata,
439 715 518 776 quae
547 698 625 776 ipsis
654 700 789 777 placent,
823 711 1010 774 quamquam
1084 678 1085 683 ἵ

101 804 191 867 uerbo
211 803 264 864 Dei
294 786 362 863 sint'
382 800 567 885 prohibitaJ,
599 810 630 865 et
660 810 733 866 sunl
765 801 951 868 abominatio
980 805 1011 864 el

99 925 212 974 nauseo
234 924 337 970 corum
358 908 432 971 Deo.
780 896 782 913 ¹

279 1095 376 1179 [ligo
398 1105 525 1159 autern
548 1113 666 1174 opera
688 1113 825 1160 eorum.
876 1105 880 1124 '

152 1264 155 1269 ,
179 1225 349 1303 Prophetae
378 1226 588 1302 cogitaverunt
618 1227 719 1288 statim
742 1243 760 1286 a
783 1225 902 1288 Christo
924 1224 1012 1287 exiri-

96 1333 157 1394 bito
185 1339 358 1393 secuturum
373 1331 483 1394 Chnsti
503 1347 638 1409 regnum.
667 1331 800 1393 Possunt
821 1331 912 1408 igitur
934 1330 1012 1392 haec

93 1446 155 1500 tana
183 1438 220 1498 de
241 1439 372 1514 generali
398 1439 491 1500 totius
514 1437 668 1506 mundiin
690 1438 794 1499 ultimo
817 1439 884 1509 die,
918 1453 1010 1515 quam

88 1544 117 1604 de
160 1543 333 1620 particulari
354 1542 538 1605 ludaeorum
572 1544 743 1604 calamitate
776 1550 806 1603 et
838 1544 1012 1603 vastatione

85 1649 228 1723 intelligi.
272 1647 334 1724 Ego
370 1657 470 1710 tamen
498 1648 716 1725 particulariter
744 1649 863 1727 accipio
897 1648 936 1709 de
961 1646 1010 1722 ju·

83 1753 177 1814 dicio
210 1754 373 1828 evangelii,
412 1754 493 1831 quod
531 1763 593 1814 turn
626 1754 761 1816 ludaeos
805 1762 866 1816 tum
900 1760 1009 1829 gentes

83 1873 169 1917 cnm
190 1859 330 1918 omnibus
352 1860 497 1935 operibus
516 1859 641 1936 judicat,
663 1868 693 1920 et
714 1859 839 1921 damnat
860 1856 1007 1937 quidquid

83 1972 132 2022 cst
168 1964 351 2038 religionum,
372 1965 482 2025 rituum
505 1973 534 2026 et
556 1968 692 2026 cultuum
713 1974 798 2027 extra
814 1962 1009 2025 Christianis·
1067 2023 1070 2028 .

83 2083 189 2131 uum,
229 2069 330 2144 Atque
351 2068 412 2131 hoc
445 2071 558 2131 initium
592 2069 696 2148 judicii
727 2080 775 2132 est
797 2085 852 2160 pep
873 2068 1009 2141 verbum,

83 2175 179 2245 ruod
202 2191 272 2234 nrox
294 2175 332 2233 de
354 2177 433 2237 lacto
451 2193 575 2255 quoque
595 2176 655 2240 fiet.
687 2175 738 2237 Sic
759 2183 902 2253 tanquam
926 2175 1009 2235 clau·

83 2291 188 2339 urus
220 2279 410 2356 prophetiam
445 2281 523 2341 duas
558 2281 663 2358 judicii
700 2286 802 2359 partes
838 2278 1008 2357 proposuit,
1107 2314 1108 2319 κ

83 2378 219 2444 lteram
249 2384 430 2446 desertionis
453 2402 646 2464 synagogae,
683 2389 807 2447 alteram
837 2383 1007 2446 vocationis

83 2492 245 2561 ‘entium
269 2485 349 2567 quae
371 2490 492 2551 durabit
511 2507 612 2570 usque
633 2491 672 2551 ad
695 2491 783 2552 tinen
808 2489 921 2581 mrrndi.
999 2567 1001 2572 Ι

362 2678 404 2740 lit
427 2694 561 2756 ponam
584 2678 745 2755 signum.

177 2806 230 2868 Hic
258 2806 357 2878 addit,
395 2807 550 2883 quomodo
578 2803 731 2892 gentem
760 2810 820 2870 sint
848 2805 1007 2875 vocandae

83 2917 204 2989 Jenpe
226 2929 281 2989 pcr
301 2914 468 2988 apostolos,
492 2914 544 2991 qui
566 2910 707 2988 colligent
719 2928 827 2975 omnes
848 2909 1007 2995 credentes

83 3017 135 3076 ad
158 3017 281 3078 verbum
304 3017 375 3078 fidei
407 3024 437 3078 et
465 3017 666 3099 evangelium.
709 3017 784 3094 Quia
813 3025 915 3078 arrtem
938 3014 1007 3076 reli-

83 3122 184 3198 quias
207 3123 309 3193 mittit,
341 3122 492 3199 significat
519 3139 579 3185 uon
609 3125 768 3201 corporale
788 3137 912 3199 regnum
935 3120 1007 3190 lore,
1086 3183 1090 3193 ‚

85 3228 207 3305 alioqui
241 3235 397 3290 manerent
431 3228 460 3288 in
495 3228 695 3290 Hierusalem.
739 3229 871 3290 Verbum
904 3233 1008 3288 autern

88 3329 163 3394 ideo
185 3334 305 3407 signum
328 3341 383 3405 est,
405 3334 489 3412 quud
510 3333 582 3395 nihil
613 3333 653 3394 de
680 3335 810 3395 ecclesia
842 3330 1006 3394 inmundo

93 3435 214 3500 videtur
236 3438 293 3498 nisi
318 3439 454 3503 verbum.
482 3438 557 3500 Nam
579 3455 679 3517 neque
702 3443 896 3500 sacramenta
917 3435 1009 3523 quid5

97 3560 189 3624 quam
211 3550 324 3614 essent,
345 3545 372 3604 si
393 3560 454 3606 non
475 3543 622 3629 haberent
645 3542 780 3606 verbum.
871 3617 874 3622 ,
940 3616 951 3621 ..
1045 3531 1051 3545 ⁸

168 3724 201 3833 ¹l)
221 3750 320 3820 Gentes
338 3764 371 3818 cl>
391 3720 517 3835 apostolia
534 3771 643 3820 vocene
659 3762 693 3826 ad
711 3763 908 3842 comgellum,
