2258 4170
53 192 58 267 't
136 116 156 155 Ἰ
427 174 634 268 'Doctae
727 256 730 271 .
838 253 840 257 .
983 150 1025 237 47

112 356 205 419 dicat:
245 355 428 419 distraheris
448 357 479 418 in
502 357 645 420 diversos
666 354 805 443 effectus,
824 360 857 415 nt
878 354 1029 417 avertaris

111 463 361 534 nme,·laborc·
375 463 466 539 igitur
496 471 530 524 ut
551 469 714 524 convertas
742 470 772 521 te
801 461 838 520 ad
860 475 917 525 rue.
960 460 1026 521 Hoc

107 558 329 645 convortere&
360 584 419 629 non
434 575 497 631 ¹est
517 569 610 637 unius
630 568 690 627 diei
712 566 916 637 animensis,
948 567 1027 627 sicut

63 754 70 761 ὓ
105 674 162 743 sub
196 682 317 752 papatu
354 671 476 752 tempus
499 673 753 752 quadragesimae
780 681 859 743 erat,
892 671 1027 744 sedeat,

53 764 59 769 ’
103 787 292 856 perpetuum
308 779 449 842 'officinm
471 780 576 859 popuii
598 781 663 842 Dei.
924 772 927 778 ’
1058 784 1065 794 “

193 885 387 960 [Ridiculum
408 879 508 949 autem
531 894 594 958 est,
623 886 701 946 veile
722 901 761 946 ex
783 881 958 958 hujusmodi
980 864 1026 944 io·
1068 920 1071 925 <

103 991 151 1052 cis
175 990 317 1062 efficere,
350 992 431 1069 qnod
455 994 545 1053 sitin
568 992 657 1055 nobis
682 991 729 1051 vis
751 989 947 1056 convertendi
968 988 1026 1050 n'os
1041 1000 1068 1009 ’“

104 1097 145 1157 ad
168 1097 284 1169 Deum,
313 1099 380 1158 sine
402 1098 509 1174 gratia.
552 1097 628 1159 Nam
651 1098 764 1177 quibus
787 1095 871 1156 Deus
893 1094 953 1156 hoc
975 1111 1028 1156 su-

100 1220 158 1295 um
184 1205 312 1264 verbum
335 1205 546 1276 communicat,
569 1205 606 1265 iis
629 1204 719 1264 etiarn
741 1202 912 1263 facultatem
927 1201 1027 1291 dabit,

106 1315 142 1370 ut
157 1289 260 1370 verbo
283 1307 416 1370 credant.
451 1310 557 1388 Neque
574 1308 777 1371 enimirustra
798 1315 830 1368 et
843 1309 910 1370 sine
930 1309 1028 1368 iructu

109 1415 238 1476 docetur
273 1416 402 1477 verbum
438 1415 521 1494 Dei].
580 1416 641 1478 Sed
678 1415 805 1501 spiritus
838 1410 1026 1490 sanctusst)

104 1520 199 1609 ndest
218 1519 317 1582 verbo
338 1528 370 1582 et
385 1537 446 1601 per
469 1523 595 1584 verbnm
611 1521 703 1584 corda
718 1525 821 1601 movet
842 1528 873 1583 ut
893 1512 1034 1585 credant(
1067 1554 1070 1561 ·

111 1621 239 1709 [Deinde
261 1626 322 1691 hoc
344 1628 497 1701 converti,
535 1608 667 1706 dequo
701 1627 752 1688 hic
774 1627 845 1688 dicit
868 1625 1026 1705 propheta,

112 1748 169 1795 non
191 1733 292 1794 solum
315 1739 364 1794 est
385 1732 464 1807 fidei,
488 1735 544 1797 sed
566 1743 596 1796 et
616 1720 780 1805 doctrinae,
802 1741 834 1794 ut
851 1733 928 1795 aiios
949 1749 1026 1811 quo÷
1068 1731 1079 1752 ⁸

53 1830 55 1839 '
113 1854 171 1916 que
192 1834 426 1915 convertamus,
458 1839 512 1918 qui
540 1857 595 1918 per
615 1841 725 1918 impios
747 1840 901 1901 doctrines
923 1838 1025 1899 eremi

53 1952 55 1981 ²
86 1948 190 2012 'sunt‚
211 1950 247 2005 ut
268 1944 479 2017 exhortemur,
501 1952 534 2008 ot
555 1946 750 2008 consolemur
768 1943 1023 2023 desperabundas

53 2042 59 2109 t
109 2057 224 2111 mentes
246 2056 303 2112 ete.
339 2048 483 2111 Estenim
504 2026 844 2129 nagnixnegotiinunc'
866 2051 1023 2114 articulum

70 2166 75 2187 ‘
106 2136 330 2232 justificationis
364 2158 493 2219 retinere
515 2167 620 2246 contra
642 2166 798 2231 satanam,
819 2156 965 2218 haereses
993 2163 1024 2235 et
1047 2191 1051 2200 ·

63 2302 66 2313 .
107 2261 253 2323 rationem
275 2262 421 2324 nostram.
456 2253 460 2259 ’

102 2446 280 2516 Laudute
320 2452 437 2523 coeli,
487 2453 671 2531 quoniam
709 2451 1022 2516 misericordiam

250 2562 253 2567 ’
379 2557 716 2622 'iecitDominus

184 2681 354 2767 Postquam
378 2685 511 2746 absolvit
533 2687 700 2749 docuinam
722 2689 838 2764 gratiae
860 2694 890 2749 et
912 2685 1024 2748 exhor·

101 2789 262 2861 tationem,
294 2790 358 2866 jam
393 2807 519 2868 quoqne
550 2795 664 2870 gratias
700 2788 848 2869 egum)
872 2792 912 2852 de
940 2770 1041 2854 tanto

102 2893 201 2976 dono,
222 2894 253 2955 id
279 2895 364 2972 quod
387 2896 547 2975 commode
568 2897 601 2958 fit
623 2898 651 2958 in
675 2899 814 2975 epilogis.
858 2898 943 2973 Quod
967 2915 1022 2959 au·

98 3006 161 3061 torn
184 2983 311 3063 {tatinus
334 3001 439 3064 vertit:
462 3004 700 3066 Misericordiam
722 3005 793 3065 iecit
813 3004 969 3074 Dominus,
992 3005 1021 3065 in

76 3088 86 3100 ’
102 3106 244 3169 Hebraeo
266 3115 329 3170 est:
352 3108 427 3183 Quin
444 3109 593 3170 Dominus
616 3110 691 3170 iecit.
734 3110 872 3187 Respicit
889 3112 967 3172 enim
982 3111 1021 3173 ad

103 3198 384 3290 superinsedunt
401 3214 497 3275 dicat:
518 3213 613 3276 'Scins
635 3215 782 3296 Dominus
804 3223 852 3276 est
874 3217 970 3277 iactor
989 3223 1021 3277 et
1069 3247 1073 3257 ·

103 3325 233 3380 creator.
276 3318 363 3414 Quod
382 3320 532 3384 Dominus
555 3321 635 3394 dicit,
658 3320 719 3385 hoc
739 3321 784 3396 fit,
813 3322 957 3400 promittit
974 3320 1023 3397 ju·

176 3570 206 3637 *)
227 3568 375 3629 Conversio
385 3565 463 3636 ,'de
498 3588 551 3642 qua
587 3570 721 3643 loquitur,
758 3575 848 3641 quanti
885 3572 1019 3642 temporis»

101 3662 146 3732 ⁸⁰)
164 3664 281 3734 Spiritus
300 3665 387 3735 saneti
406 3681 486 3733 opere
505 3668 692 3720 convertimur.
731 3669 793 3732 ”ti
813 3666 959 3721 Gratiarum
979 3684 1021 3722 ac·

99 3760 135 3813 tio
151 3774 205 3828 pro
224 3760 293 3823 facta
311 3759 494 3829 redemptione
512 3769 539 3816 et
556 3762 654 3818 donato
674 3761 764 3818 verbo.
