2258 4170
575 62 587 103 ι

464 225 470 234 ’
497 196 634 258 tusone.
838 204 842 209 '
864 143 869 148 1
998 188 1039 259 1³
1114 216 1117 226 ·

106 385 138 438 et
171 378 399 439 sacrificabunt
427 378 608 440 oblationes.
635 375 825 453 spirituales,
853 375 932 437 sieut
965 375 1038 438 dicit

104 481 223 547 Psalm.
250 483 325 557 110,
354 484 415 547 hoe
446 493 510 556 est,
538 480 718 545 saerilleium
749 479 875 572 laudis.⁸
899 480 1035 563 iti-enirn

105 596 156 649 est
178 589 306 662 canere,
328 591 463 663 laudare,
486 589 674 668 praedicare,
698 587 850 681 seribere.
866 589 968 664 legere
981 588 1036 651 be·

107 693 225 756 nellela
247 695 371 759 Christi.
985 700 989 712 '
1086 699 1089 705 '

163 847 357 958 clamate,
380 848 517 957 villae,
550 894 650 962 quas
670 881 831 946 habitat
851 857 1015 943 Keda‘rs

195 1013 356 1089 Significat
378 1012 496 1074 Arabes
518 1012 698 1084 orientales,
730 1019 762 1073 ut
785 1018 857 1093 sunt
878 1012 1034 1074 Ammoni-

108 1128 157 1179 tae
181 1127 213 1180 et
239 1119 421 1189 Nabathaei,
442 1096 554 1187 etalii.
596 1101 642 1178 ili·
656 1133 772 1188 omnes,
794 1118 900 1194 inquit,
922 1118 1028 1180 lauda-

109 1225 186 1285 bunt
208 1225 308 1286 Deum
331 1241 386 1302 pro
408 1222 502 1285 verbo
525 1224 694 1300 evangelii,
724 1222 808 1301 quod
832 1224 980 1301 pertinget
1001 1223 1043 1286 et'

107 1331 268 1408 perveniet
289 1331 319 1391 in
341 1345 546 1408 quaeeunque
565 1306 641 1402 lona,
663 1330 744 1392 culta
765 1337 795 1392 et
817 1329 937 1403 inculta,
962 1346 1030 1393 tnu-
1088 1309 1096 1329 ⁸

107 1438 174 1499 nita
195 1444 229 1498 et
251 1453 314 1498 uon
334 1437 459 1500 munita.

306 1622 454 1687 Ponent
475 1625 635 1686 Domino
658 1607 834 1702 gloriam.

192 1754 332 1816 Laudem
353 1753 555 1847 Deisoanena
582 1760 612 1814 et
634 1755 860 1819 damnationem
883 1756 948 1830 sui,
970 1758 1030 1820 lroe

101 1870 170 1932 est,
208 1877 336 1924 suorum
363 1875 504 1938 operum,
540 1860 684 1938 propriae
717 1861 854 1938 justitiae
887 1872 916 1925 ει
944 1867 1029 1942 sapi·

101 1968 221 2031 entiae.

207 2139 518 2232 Dour-inus'siout,
538 2156 656 2218 lortis
680 2157 921 2255 egredietur.
1009 2205 1011 2210 .

110 2300 113 2305 ·
195 2283 280 2346 Haeo
301 2287 439 2347 nomina:
460 2287 562 2359 tortis,
583 2287 681 2362 gigas.
704 2286 758 2355 vir,
779 2285 921 2355 bellator,
943 2263 1046 2348 zelus¹

105 2398 167 2453 ete.
192 2389 361 2466 significant
382 2389 560 2466 erucem).
602 2391 682 2466 Ergo
704 2389 764 2452 hoc
786 2407 917 2479 regnum
944 2370 1051 2453 Clari·¹

106 2496 147 2555 sti
187 2504 234 2557 est
267 2497 296 2557 in
328 2497 429 2558 medio
457 2498 646 2558 inimicorum
677 2497 824 2574 positum,
851 2504 884 2559 ut
905 2505 1033 2573 cogatur
1089 2546 1093 2557 .

107 2600 258 2662 Dominus
280 2587 364 2664 exire
387 2610 541 2680 tamquam
563 2580 706 2681 bellator,
728 2603 880 2664 resistitur
903 2603 980 2671 enim
1001 2604 1030 2665 ei

106 2713 138 2766 et
161 2707 342 2784 opprimitur
371 2709 400 2770 vi
429 2725 483 2786 per
504 2708 728 2786 tyrannoset
749 2707 819 2770 dolo
843 2724 897 2785 per
918 2708 1028 2769 haere·
1065 2778 1071 2795 ι

106 2813 195 2886 ticos.
231 2811 418 2892 Euangeliou
440 2815 537 2890 igitur,
560 2814 588 2876 ei
610 2814 745 2892 speeiem
768 2815 1028 2887 consideres-est

103 2918 285 2983 miserabile.
312 2929 349 3003 et·
373 2937 432 2984 non
455 2919 633 2996 gloriosum.
674 2919 872 2990 Elefantum,
905 2921 943 2982 de
965 2938 1028 2998 quo

103 3022 156 3084 hie
178 3024 259 3097 dicit,
281 3023 467 3087 simillimum
482 3034 530 3086 est
550 3025 674 3100 ejulatui
696 3033 727 3088 et
747 3024 833 3088 lletui
841 3012 1026 3102 gementium

104 3136 137 3189 et
159 3128 359 3202 afflictorum,
393 3129 588 3202 nihilominus
619 3129 776 3193 confirmat
798 3140 830 3193 et
852 3135 1034 3201 consolatur,
1108 3172 1112 3187 .

84 3235 254 3321 lugubres
275 3245 416 3298 cantores
438 3213 530 3307 suos,
552 3246 591 3298 et·
604 3232 739 3299 infirmas
761 3248 892 3310 urentes,
920 3248 953 3301 nt
973 3257 1027 3302 su·
1074 3236 1076 3243 '

86 3341 238 3402 stineant
259 3349 494 3411 erucemeerto
517 3343 589 3416 lore,
612 3349 645 3405 ut
659 3343 805 3407 divinitus
827 3346 867 3407 ab
883 3346 1027 3410 omnibus

101 3447 195 3508 malis
217 3447 390 3531 liberentur.
811 3439 817 3453 ’
1107 3442 1109 3446 ’

172 3773 202 3834 2)
220 3771 375 3823 θοεωΙιιίο
391 3772 523 3829 adversus
539 3789 654 3831 erucem.
