2258 4170
444 149 524 253 Cep.
532 170 560 238 9.
583 152 699 235 Esaiae(
863 150 866 168 ¹
903 213 905 219 ,
934 179 936 184 ’
957 161 1031 253 1425,

103 363 140 418 et
169 324 392 422 succumberet.
435 356 534 449 Quare
562 325 676 415 invenit
697 347 885 416 consitium
873 365 907 411 ιιι
928 348 1028 422 omni·

110 463 171 527 bus
202 444 346 542 periculis
368 460 638 533 ettentationibus,
671 466 783 521 ettam
805 454 958 530 mirabile,
968 456 1029 552 ut

86 567 257 630 ‘iiberatus
279 567 393 640 dieats
408 567 473 629 Hoc
495 583 556 630 non
576 567 764 644 cogitassem
785 564 937 636 futurum,
968 560 1048 623 hec‘

108 673 273 748 consitium
310 689 368 736 non
402 673 550 736 fuisset
542 689 573 734 m
600 687 670 734 mea
697 678 751 733 aut
778 668 867 733 ullius
895 666 1028 761 horninis

82 755 271 856 'sapientia
315 744 390 841 Hoc
411 760 534 857 semper
560 778 648 840 interi
670 777 841 857 cogimus·
838 775 906 837 nbi
928 754 1030 837 consi·
1053 770 1072 829 .“

107 884 182 946 tium
210 884 265 946 Dei
293 883 410 962 experti
438 900 557 948 sumus
599 882 636 945 Et
662 883 732 946 ideo
759 880 843 945 Deus
870 880 942 943 sinit
968 894 1027 943 nes
1089 965 1092 972 Ι

108 990 276 1068 aliquando
295 972 356 1053 tarn
379 989 525 1067 gravibus
547 988 782 1052 difficultatibus
799 987 962 1065 implicari,
999 978 1060 1048 et'.
1100 987 1103 993 '

109 1095 203 1157 tantis
218 1094 436 1158 tentationibus
463 1093 642 1173 oppugnari,
664 1094 778 1191 quibus
792 1094 875 1157 nulla
896 1092 1031 1155 hnmana
1056 1080 1058 1085 ’

108 1200 262 1279 sapientia
296 1201 415 1298 consuli
449 1216 486 1262 ac
519 1200 633 1263 mederi
672 1208 789 1285 potest,
828 1207 861 1262 ut
888 1197 1030 1262 ostendat

109 1322 201 1367 suani
235 1306 416 1384 sapientiam
452 1321 525 1373 esse
556 1322 653 1385 supra
688 1322 809 1369 ornnem
836 1303 1029 1391 sapientiam,

99 1412 264 1485 estunam,
285 1411 389 1491 dolum
403 1428 440 1474 an
460 1411 738 1491 potentiam.etiam
760 1417 915 1489 portarum
938 1407 1029 1489 inier-

108 1517 232 1580 nalium.
872 1596 875 1603 Ι
927 1532 931 1544 ·

193 1621 260 1685 Non
281 1629 330 1686 est
357 1621 476 1702 itaque,
510 1623 593 1701 quod
626 1623 666 1684 de
692 1622 806 1684 auxilio
836 1627 867 1683 et
899 1617 1026 1683 consilio
1043 1627 1064 1659 ⁵

109 1726 260 1807 desperes
281 1728 312 1789 in
334 1729 396 1790 nlla
417 1726 592 1805 difficultate
614 1735 667 1791 eut
683 1720 848 1791 tentatione
865 1733 1048 1804 quantun·

110 1832 158 1894 vis
180 1832 282 1911 gravi3
318 1834 511 1898 consiliarius
532 1835 635 1898 vocari
661 1835 770 1907 voluit
800 1850 839 1896 ex
861 1849 895 1896 re
916 1847 1027 1895 nomen
1043 1863 1056 1907 f

108 1937 214 2011 habet,
236 1946 266 2000 et
287 1939 351 2001 vult
371 1948 402 2002 et
421 1949 525 2019 potest
546 1942 633 2003 solus
650 1938 840 2004 consulere
833 1955 863 2025 ιιι
884 1937 1026 2001 omnibns

58 2122 65 2129 .
109 2041 335 2118 afflictionibus,
357 2045 501 2123 periculis
524 2053 555 2109 et
575 2046 736 2126 aerumnis.
850 2115 852 2119 ,
965 2076 968 2083 ·

189 2147 253 2211 Nee
273 2157 322 2212 est
345 2151 441 2233 quod
450 2152 568 2230 cogites
590 2158 620 2213 te
642 2153 741 2215 sotum
758 2150 819 2229 pati
841 2149 922 2223 tatia,
944 2163 1025 2226 quae
1065 2202 1070 2212 .

107 2269 199 2318 nemo
221 2257 299 2319 atius
321 2255 361 2318 sit
381 2271 520 2353 passus.x
550 2258 667 2321 Scitote
693 2257 821 2324 eandem
843 2253 1026 2334 passorem
1059 2268 1062 2278 ·

106 2359 171 2422 fieri
195 2362 389 2424 ⁴traternitati
425 2370 564 2438 vestrae,
586 2355 700 2442 'inquit
720 2362 828 2426 Petrus
852 2359 868 2422 1
900 2359 973 2437 (inp.
995 2357 1026 2440 5,

106 2465 240 2544 Semper
259 2467 363 2546 itaque
376 2470 536 2546 cogitabis,
559 2463 643 2547 quod
661 2468 777 2531 similes
799 2475 830 2529 et
850 2466 1031 2533 nonninus
1105 2466 1109 2471 ’

99 2574 222 2652 ‘mnes
243 2566 425 2636 tentationes
454 2574 515 2636 sint
542 2575 684 2653 perpessi
705 2573 806 2636 etalii
828 2556 884 2650 pii,
916 2571 1026 2659 quales
1064 2638 1081 2655 q

104 2683 138 2738 tu
161 2678 288 2754 pateris.
330 2677 395 2760 Ego
423 2696 520 2759 saepe
548 2681 606 2742 iliis
635 2679 854 2743 tentationibus
882 2684 950 2742 sunu
979 2676 1026 2755 (fif
1056 2750 1061 2760 Ι

104 2789 254 2856 vexatus,
284 2789 317 2847 ut
337 2784 468 2863 putarim
495 2786 647 2848 nerninem
669 2793 730 2848 tam
753 2800 865 2863 graves
886 2762 1026 2862 passumss

102 2887 162 2950 sed
187 2889 285 2952 ialsus
306 2898 408 2953 tamen
430 2906 516 2965 sum,
545 2873 689 2983 quanrvis
710 2906 829 2968 paucos
851 2889 944 2953 credo
965 2895 1027 2950 tam

102 2993 192 3057 duna
213 2995 433 3058 tentationibus
456 2994 630 3061 conflictari.
1038 3066 1041 3071 ,
1092 3060 1094 3064 .

187 3098 274 3162 certe
294 3101 379 3186 Papa
411 3108 441 3163 et
462 3103 600 3182 episcopi
633 3101 705 3163 nihii
740 3102 895 3180 patiuntur
914 3100 1046 3163 iramm.
1107 3129 1111 3136 ·

103 3192 318 3278 tentationum,
343 3207 487 3286 qualibus
509 3209 550 3285 pii
579 3206 1024 3303 uexantur,habent1unda·

59 3324 72 3402 .'
100 3317 236 3374 mentum
262 3329 325 3391 quo
347 3313 488 3386 nituntur,
511 3298 600 3391 opes
620 3314 794 3390 potentiam,
817 3314 953 3390 gloriam.
987 3310 1025 3375 tta
1121 3293 1126 3302 “

100 3416 175 3494 quia
203 3416 294 3481 nuliis
320 3419 469 3495 gravibus
500 3435 537 3480 ae
572 3418 653 3480 veris
687 3420 905 3482 tentationibus
937 3434 1025 3481 exer·

100 3530 219 3599 centur,
241 3522 310 3585 ideo
333 3539 389 3586 nec
419 3524 582 3586 consiliarii
612 3523 706 3602 huJus
734 3524 894 3588 consitium
917 3532 947 3585 et
968 3540 1022 3588 au·

98 3627 206 3690 xiiinrn
235 3644 307 3691 vere
337 3612 482 3708 expetere
511 3614 643 3709 possunt
673 3637 731 3694 etc.
774 3630 902 3720 Quando
929 3632 1020 3713 igitur

98 3730 185 3796 Deus
207 3733 361 3797 subtrahit
391 3726 619 3800 tundamentum
641 3744 766 3801 nostrae
787 3725 958 3816 sapientiae
979 3755 1017 3801 ac
1082 3746 1101 3797 '.
