2258 4170
340 174 346 202 ¹
379 148 392 159 ‘r
437 150 506 266 Gap
527 184 578 252 53.
600 189 711 251 Esaiae.
975 183 1038 249 483

201 340 300 448 iirp‘us
321 368 365 432 rei
389 371 482 431 multa
507 377 629 432 exstant
649 369 793 445 exempla
814 367 845 427 in
868 368 1040 442 evangalio,

117 482 151 536 ut
173 475 267 543 Marci
288 473 323 538 i:
352 475 427 538 Gom
460 476 623 537 adducitur
649 480 753 537 mutus
775 478 805 534 et
828 471 956 539 surdus,
986 488 1038 533 se·

117 581 213 643 movit
236 597 306 643 eum
327 598 347 642 a
368 582 488 658 populo¹
504 582 644 653 seorsim,
665 589 695 641 et
719 578 895 656 suspiciens
917 578 946 637 in
968 593 1053 661 coe:x

97 684 180 748 'torn
202 684 357 764 ingemuit,
380 688 493 759 dicens,
516 684 687 764 Hephetah,
710 686 780 746 item
803 685 894 745 Marc.
911 681 940 756 3,.
964 683 1038 745 (inin

120 791 159 854 ito
181 789 335 875 laboraret
362 792 573 874 misericordia
601 800 633 853 et
660 788 771 853 affectu
792 805 865 865 erga
888 804 1039 866 pauperes
1095 797 1099 813 ¹

84 884 87 895 '
117 894 376 979 et·adilictos‚·ut
396 915 456 960 non
480 897 584 959 ederet
604 913 661 977 nec
682 897 809 972 biberet,
831 895 948 958 dicunt:
970 895 1040 971 lpse

116 1000 157 1063 ad
177 1003 328 1065 insaniam
349 1003 503 1080 adigetur,
535 1005 615 1080 ⁴quia
640 1003 779 1063 viderunt
799 1017 869 1061 sum
892 1007 1038 1061 attentum

115 1107 371 1185 intangnoribus
399 1116 492 1187 atque
514 1108 647 1175 miseriis
669 1106 842 1175 hominum,
876 1106 969 1177 adeo,
1008 1114 1039 1167 ut

112 1229 177 1274 nec
198 1213 268 1276 cibo
289 1230 347 1276 nec
368 1222 442 1295 potu
464 1215 675 1277 delectaretur.
704 1211 742 1272 Et
762 1212 792 1273 in
815 1228 912 1274 coena
934 1212 1064 1277 admo.

110 1334 196 1381 nens
218 1317 329 1381 Judam
351 1320 514 1389 intremuit.
543 1314 665 1398 qnare?
694 1317 925 1399 superductam
955 1333 1039 1379 corn·
1066 1344 1070 1352 ·

112 1438 250 1503 passos,
279 1426 447 1487 condolens
479 1424 547 1501 ejus
571 1424 742 1502 perditioni.
784 1424 828 1485 ita
849 1424 1039 1489 resuscitans

91 1515 284 1604 'Lazarum
305 1526 376 1595 enm
399 1532 533 1593 accessit
553 1531 593 1592 ad
616 1531 806 1608 sepulcrum,
831 1529 988 1598 intremuit,
1010 1538 1041 1589 et

115 1632 295 1700 lacrimatus
317 1644 366 1699 est
386 1636 494 1707 iesus,
517 1637 614 1715 inquit
636 1635 838 1711 evangelista.
881 1633 946 1696 Non
970 1651 1056 1725 pm7

114 1743 202 1807 teoto
223 1743 391 1823 potandum
405 1750 461 1814 est,
483 1743 567 1821 quod
588 1743 677 1805 inerit
694 1742 806 1819 aliquis
827 1742 934 1813 sucus,
957 1741 1040 1816 quod

114 1844 256 1921 recitat
286 1848 420 1939 loquitur
454 1847 531 1910 haec
558 1864 702 1927 persona.
745 1845 952 1908 Misericordia
976 1840 1040 1906 aiii-

114 1953 207 2026 eitur‚
232 1954 289 2025 vel,
309 1960 343 2014 nt
355 1954 563 2030 evangelistae
573 1956 747 2031 loquuntur,
769 1949 1039 2042 colemnitatem,

116 2058 321 2136 compatitur,
348 2058 502 2128 condolet,
529 2058 670 2136 affligitur
693 2067 818 2138 propter
838 2066 962 2120 nostras
985 2058 1040 2119 mi·
1080 2102 1086 2116 .

115 2165 222 2228 wrias
242 2172 273 2226 et
293 2165 425 2236 dolores,
447 2167 521 2243 qnia
542 2183 599 2228 nos
621 2166 704 2227 videt
726 2181 744 2226 a
764 2165 887 2226 diabolo
910 2160 1040 2225 horribiss

117 2269 188 2333 ittet
207 2284 379 2348 oppressos
401 2287 483 2333 esse.
553 2338 555 2345 ,

203 2371 342 2437 Affectus
363 2378 591 2439 misericordiae
613 2377 807 2454 etiam-apud
830 2383 937 2456 gentes
960 2384 1040 2437 trac·

117 2487 217 2554 tenir,
238 2482 268 2544 is
287 2488 348 2544 tron
371 2491 455 2544 caret
475 2499 533 2544 sua
563 2482 763 2545 vehementia.
806 2480 862 2544 Est
882 2482 961 2543 enim
984 2483 1040 2544 nri·
1104 2496 1107 2515 ·

110 2583 309 2651 'sedeordiae
330 2581 460 2649 affeetu's
490 2595 550 2649 tom
578 2588 762 2662 vehemens,
790 2603 884 2666 quam
905 2596 954 2650 est
977 2589 1040 2650 ime

118 2689 264 2756 enectus.
306 2692 402 2755 nater
432 2709 486 2770 per
507 2693 607 2770 ignem
630 2694 761 2755 medium
791 2693 898 2763 currit,
932 2693 1039 2757 videns

119 2813 253 2879 puerum
286 2813 377 2861 sunm
411 2798 440 2858 in
477 2800 612 2875 periculo
642 2800 769 2863 versari.
811 2800 863 2862 Sic
889 2799 981 2862 etiarn
1009 2802 1039 2861 io

119 2910 232 2967 sonmo
253 2911 284 2965 et
303 2920 388 2981 puro·
407 2904 545 2977 homine,
583 2905 699 2967 scilicet
726 2906 756 2965 in
784 2903 846 2967 titio
868 2882 937 2979 liet,
972 2905 1041 2967 tatis

122 3009 183 3072 tuit
204 3006 348 3083 affectus,
370 3010 431 3072 hoc
453 3018 507 3083 est,
530 3010 801 3073 vehementissima
821 3010 1041 3073 misericordia.

121 3115 252 3177 Dolores
280 3131 353 3193 argo
381 3123 410 3177 et
441 3108 583 3178 miserias
611 3132 664 3194 per
690 3116 945 3193 compassionem
966 3115 1041 3186 tuiit,

121 3220 197 3305 qnia
218 3220 405 3283 duraverunt
426 3228 496 3282 toto
512 3221 593 3283 vitae
615 3229 752 3300 tempore
768 3237 869 3300 nsque
891 3222 920 3281 in
937 3221 1040 3298 sepol-

122 3342 218 3398 crum
238 3343 298 3388 non
322 3328 423 3390 amisit
445 3324 514 3389 eom
535 3325 775 3389 misericordiam
794 3328 826 3387 in
848 3338 950 3394 cruce.
992 3327 1057 3399 Si·-

93 3502 97 3513 ,
121 3438 174 3495 ent
194 3432 326 3509 epistota
347 3433 387 3496 ad
399 3432 535 3495 Ebraeos
546 3431 575 3497 5.
598 3433 704 3509 inquit,
726 3432 836 3495 obtulit
849 3424 958 3515 preces
971 3448 1040 3493 cum
1114 3466 1119 3471 -

121 3537 265 3611 lacrimis,
286 3553 355 3602 eam
376 3538 460 3610 dant
472 3538 593 3604 Dimitte
614 3538 681 3610 iilis,
703 3537 775 3616 qnia
796 3539 944 3611 nesciunt
964 3519 1042 3617 quot
1092 3588 1098 3601 .

120 3644 246 3711 indunt.
274 3643 320 3708 ttt
340 3645 396 3709 init
417 3644 570 3709 maximus
592 3643 734 3724 gemitus,
757 3644 796 3707 ed
818 3661 910 3724 qoem
922 3645 1040 3709 coelun

120 3756 153 3818 ct
172 3757 254 3820 torm
272 3757 530 3828 condonassent
868 3780 871 3785 ·
910 3776 915 3784 ·
945 3792 947 3797 -

670 3976 682 3985 ἦ
765 3862 840 3968 'atr
