2258 4170
108 162 172 231 288
250 136 253 141 .
341 174 430 249 caput
448 124 661 268 sexagesimum
682 180 796 234 sextum
902 132 915 212 ι

412 350 494 413 Vox
517 366 536 411 a
557 353 712 432 templo.
773 385 780 395 »

188 453 242 516 Sic
267 455 397 532 legimus
428 457 519 518 etiam
548 457 577 517 iu
605 458 721 534 templo
751 465 852 519 contro
877 459 970 532 Juooeu

101 567 268 636 pugnatum
291 577 372 625 esse.
633 556 636 563 “

207 767 219 788 ⁴
329 749 803 840 Alutequamparturiret.
838 732 841 740 ’

184 874 239 939 Est
259 876 388 953 insignis
411 875 585 938 consolatio
601 875 808 957 ecclesiae*),
831 876 889 938 hoc
905 892 970 944 uostn

103 982 210 1045 seculo
237 982 328 1044 valde
358 981 545 1043 necessaria.
587 984 724 1059 Apparet
751 998 820 1043 eam
840 983 970 1058 simplicite

102 1087 282 1166 perituram,
312 1092 451 1151 versatur
470 1085 501 1147 iu
521 1086 631 1154 mediis
652 1087 801 1149 mortibus
822 1095 852 1149 et
872 1094 970 1165 peccati

103 1199 139 1255 ιιι
158 1192 249 1272 plane
270 1194 351 1255 nullu
372 1207 449 1270 spes
476 1193 516 1252 sit
544 1193 652 1268 prolis,
674 1178 715 1253 'et
742 1200 842 1255 tamen
864 1196 970 1270 promitti

102 1306 136 1362 ut
156 1300 337 1378 priusquam
366 1314 406 1361 se
436 1295 595 1375 muldam
616 1297 742 1370 sentiat,
776 1298 970 1378 maximampt

101 1404 270 1473 cleritatem
291 1403 418 1476 habeat,
445 1405 525 1465 siout
546 1418 656 1503 supra.
688 1402 808 1466 Sterilis
830 1420 911 1476 sumt
939 1424 969 1484 qu

100 1484 177 1572 milit
197 1492 303 1587 genuit
323 1496 423 1572 istos?
447 1508 498 1570 Sic
520 1509 653 1586 apostoli
674 1488 845 1583 secundum
867 1525 970 1588 apparu

103 1608 176 1678 tiam
200 1623 356 1677 externam
375 1612 532 1693 reliquiae
553 1623 585 1676 et
611 1614 715 1701 faeces
737 1617 843 1694 populi
865 1623 955 1697 erant,

104 1738 175 1784 vere
197 1737 274 1785 oves
293 1702 467 1792 occisionis,
489 1719 518 1781 in
540 1695 626 1799 brevi
648 1728 751 1783 tamen
763 1728 899 1799 tempore
920 1730 969 1784 totu

103 1827 209 1891 orbem
228 1833 378 1913 *terrarum
400 1825 550 1903 evangeiii
571 1822 709 1888 doctrina
739 1825 970 1905 impleverunt‘*

187 1930 346 2011 Phiiippus
376 1931 524 1994 convertit
545 1931 730 2007 Samariam,
763 1931 891 2005 Paulus,
917 1935 970 2010 priu

101 2052 195 2116 quant
217 2038 346 2103 Romam
365 2039 498 2110 veniret,
530 2037 718 2101 christianos
740 2037 822 2105 istic
853 2055 922 2101 esse
940 2055 968 2099 oo

104 2146 217 2207 novit.
242 2144 294 2209 Sio
321 2130 426 2209 nostro
455 2144 559 2207 seculo
583 2130 689 2220 partus
710 2149 758 2205 est
779 2143 895 2214 editus,
917 2144 970 2220 priu

104 2268 196 2330 quam
219 2267 277 2312 nos
299 2250 444 2328 gravidos
467 2250 665 2321 sentiremus,
687 2266 725 2311 ne
745 2250 970 2349 cogitationem

103 2358 172 2419 dem
195 2370 330 2433 uuquam
354 2352 517 2432 attigimus,
539 2371 620 2434 quae
637 2352 702 2431 iam
725 2355 921 2433 perverbum
941 2373 970 2418 er

104 2472 222 2525 norunt
262 2462 349 2540 impii
372 2477 497 2540 quoquo
519 2460 637 2536 gravidi
659 2460 743 2533 sunt,
770 2478 831 2524 uon
860 2462 898 2522 ad
925 2478 970 2537 geu

103 2567 246 2640 randum,
278 2568 335 2635 sed
356 2569 396 2630 ad
417 2568 604 2641 nocendum,
632 2568 753 2644 pariunt
773 2574 875 2629 autem
896 2568 970 2629 irustt

104 2673 185 2736 sicut
206 2673 235 2734 in
258 2673 389 2757 Psalmo.
410 2671 446 2747 ι,
470 2676 500 2735 et
520 2675 675 2751 stipulam.
715 2674 793 2735 Sunt
816 2672 971 2734 nutamine

105 2781 195 2841 etiam
218 2779 256 2841 ad
279 2773 416 2843 nostrum
445 2768 586 2841 affectum
614 2779 889 2862 accommodanda,
922 2795 970 2856 qut

107 2887 254 2965 quidquid
285 2886 472 2949 credimus
464 2903 494 2946 ιιι
520 2887 669 2958 futurum,
699 2885 728 2945 id
752 2893 799 2946 est
820 2887 970 2946 sterile

106 3001 207 3054 autem
230 2974 356 3071 ¹(siout
349 3010 377 3053 ιιι
399 2991 477 3054 Psal.
512 2991 602 3071 dicit)
636 2989 725 3055 nobis
748 2980 962 3053 dormientibus

104 3097 232 3170 securis,
253 3096 431 3177 priusquam
452 3101 622 3162 sentiamus
644 3086 791 3161 dolorem.

357 3287 515 3364 Peperit
536 3289 759 3350 masculum.

185 3408 250 3474 Non
273 3414 436 3486 femellam,
465 3433 544 3494 quae
572 3417 676 3494 inepta
698 3425 745 3478 est
763 3416 801 3477 ad
824 3415 970 3477 administt

65 3549 67 3552 ⁴
103 3518 230 3591 tionem,
260 3525 323 3583 tum
345 3521 559 3597 corporalium,
574 3574 575 3579 ,
593 3530 656 3584 tum
685 3521 887 3598 spiritualium
908 3537 970 3585 roro

103 3673 312 3692 „—

175 3754 204 3823 ’)
222 3752 380 3827 Propugotio
402 3754 539 3810 ccclesiae.
576 3755 621 3826 *9)
643 3754 743 3811 Currus
764 3755 899 3825 evangelii
917 3755 970 3810 lelio
