<?xml version="1.0" encoding="UTF-8"?>
<!DOCTYPE html PUBLIC "-//W3C//DTD XHTML 1.0 Transitional//EN"
    "http://www.w3.org/TR/xhtml1/DTD/xhtml1-transitional.dtd">
<html xmlns="http://www.w3.org/1999/xhtml" xml:lang="en" lang="en">
 <head>
  <title>
</title>
<meta http-equiv="Content-Type" content="text/html;charset=utf-8" />
  <meta name='ocr-system' content='tesseract 3.04.00' />
  <meta name='ocr-capabilities' content='ocr_page ocr_carea ocr_par ocr_line ocrx_word'/>
</head>
<body>
  <div class='ocr_page' id='page_1' title='image "./exegeticaoperal01luthgoog_0446.png"; bbox 0 0 2258 4170; ppageno 0'>
   <div class='ocr_carea' id='block_1_1' title="bbox 346 109 354 141">
    <p class='ocr_par' dir='ltr' id='par_1_1' title="bbox 346 109 354 141">
     <span class='ocr_line' id='line_1_1' title="bbox 346 109 354 141; baseline 0 0"><span class='ocrx_word' id='word_1_1' title='bbox 346 109 354 141; x_wconf 86' lang='grc'><strong>1</strong></span> 
     </span>
    </p>
   </div>
   <div class='ocr_carea' id='block_1_2' title="bbox 429 140 1115 258">
    <p class='ocr_par' dir='ltr' id='par_1_2' title="bbox 429 140 1115 258">
     <span class='ocr_line' id='line_1_2' title="bbox 429 140 1115 258; baseline 0.003 -16"><span class='ocrx_word' id='word_1_2' title='bbox 429 153 504 258; x_wconf 37' lang='lat' dir='ltr'>‘cao</span> <span class='ocrx_word' id='word_1_3' title='bbox 526 178 557 244; x_wconf 84' lang='lat'>9.</span> <span class='ocrx_word' id='word_1_4' title='bbox 578 168 698 246; x_wconf 58' lang='lat' dir='ltr'>asaiae?</span> <span class='ocrx_word' id='word_1_5' title='bbox 722 141 727 149; x_wconf 17' lang='grc' dir='ltr'>ι</span> <span class='ocrx_word' id='word_1_6' title='bbox 955 179 1017 245; x_wconf 75' lang='lat'>435</span> <span class='ocrx_word' id='word_1_7' title='bbox 1044 149 1047 159; x_wconf 22' lang='lat'><strong><em>‘</em></strong></span> <span class='ocrx_word' id='word_1_8' title='bbox 1073 140 1115 241; x_wconf 37' lang='lat'>..1</span> 
     </span>
    </p>
   </div>
   <div class='ocr_carea' id='block_1_3' title="bbox 69 347 1096 1071">
    <p class='ocr_par' dir='ltr' id='par_1_3' title="bbox 69 347 1096 1071">
     <span class='ocr_line' id='line_1_3' title="bbox 104 347 1057 451; baseline -0.001 -30"><span class='ocrx_word' id='word_1_9' title='bbox 104 367 155 421; x_wconf 84' lang='lat' dir='ltr'>tur</span> <span class='ocrx_word' id='word_1_10' title='bbox 186 368 216 421; x_wconf 89' lang='lat' dir='ltr'>ot</span> <span class='ocrx_word' id='word_1_11' title='bbox 247 359 489 437; x_wconf 80' lang='lat' dir='ltr'>magnificabitur</span> <span class='ocrx_word' id='word_1_12' title='bbox 521 350 575 440; x_wconf 78' lang='lat' dir='ltr'>per</span> <span class='ocrx_word' id='word_1_13' title='bbox 609 371 703 424; x_wconf 86' lang='lat' dir='ltr'>totum</span> <span class='ocrx_word' id='word_1_14' title='bbox 728 363 834 451; x_wconf 84' lang='lat' dir='ltr'>orbern</span> <span class='ocrx_word' id='word_1_15' title='bbox 862 347 1017 431; x_wconf 74' lang='lat' dir='ltr'>temanum,</span> <span class='ocrx_word' id='word_1_16' title='bbox 1055 439 1057 447; x_wconf 17' lang='grc' dir='ltr'><strong><em>Α</em></strong></span> 
     </span>
     <span class='ocr_line' id='line_1_4' title="bbox 69 463 1089 542; baseline 0 -17"><span class='ocrx_word' id='word_1_17' title='bbox 69 505 72 508; x_wconf 91' lang='grc'>-</span> <span class='ocrx_word' id='word_1_18' title='bbox 104 465 148 527; x_wconf 88' lang='lat' dir='ltr'>ita</span> <span class='ocrx_word' id='word_1_19' title='bbox 178 472 291 528; x_wconf 91' lang='lat' dir='ltr'>utnon</span> <span class='ocrx_word' id='word_1_20' title='bbox 312 467 341 528; x_wconf 91' lang='lat' dir='ltr'>in</span> <span class='ocrx_word' id='word_1_21' title='bbox 362 466 479 528; x_wconf 80' lang='lat' dir='ltr'>iudaea</span> <span class='ocrx_word' id='word_1_22' title='bbox 501 475 618 530; x_wconf 87' lang='lat' dir='ltr'>tantum</span> <span class='ocrx_word' id='word_1_23' title='bbox 639 463 811 538; x_wconf 83' lang='lat' dir='ltr'>delitescat,</span> <span class='ocrx_word' id='word_1_24' title='bbox 849 465 903 527; x_wconf 88' lang='lat' dir='ltr'>sed</span> <span class='ocrx_word' id='word_1_25' title='bbox 924 481 1015 542; x_wconf 88' lang='lat' dir='ltr'>quam</span> <span class='ocrx_word' id='word_1_26' title='bbox 1080 482 1089 491; x_wconf 75' lang='grc'><em>“</em></span> 
     </span>
     <span class='ocr_line' id='line_1_5' title="bbox 104 570 1016 658; baseline 0.001 -27"><span class='ocrx_word' id='word_1_27' title='bbox 104 571 264 635; x_wconf 80' lang='lat' dir='ltr'>latissime</span> <span class='ocrx_word' id='word_1_28' title='bbox 280 572 310 633; x_wconf 90' lang='lat' dir='ltr'>in</span> <span class='ocrx_word' id='word_1_29' title='bbox 338 587 444 633; x_wconf 85' lang='lat' dir='ltr'>omnes</span> <span class='ocrx_word' id='word_1_30' title='bbox 471 572 609 635; x_wconf 87' lang='lat' dir='ltr'>nationes</span> <span class='ocrx_word' id='word_1_31' title='bbox 632 591 673 658; x_wconf 83' lang='lat' dir='ltr'>ac</span> <span class='ocrx_word' id='word_1_32' title='bbox 706 574 852 652; x_wconf 74' lang='lat' dir='ltr'>populos&#39;</span> <span class='ocrx_word' id='word_1_33' title='bbox 874 572 912 631; x_wconf 87' lang='lat' dir='ltr'>ad</span> <span class='ocrx_word' id='word_1_34' title='bbox 939 570 1016 632; x_wconf 85' lang='lat' dir='ltr'>fines</span> 
     </span>
     <span class='ocr_line' id='line_1_6' title="bbox 95 677 1018 755; baseline -0.003 -17"><span class='ocrx_word' id='word_1_35' title='bbox 95 688 207 755; x_wconf 71' lang='lat' dir='ltr'>‘usque</span> <span class='ocrx_word' id='word_1_36' title='bbox 239 684 337 739; x_wconf 87' lang='lat' dir='ltr'>terrae</span> <span class='ocrx_word' id='word_1_37' title='bbox 366 685 561 755; x_wconf 71' lang='lat' dir='ltr'><strong>propagetur.</strong></span> <span class='ocrx_word' id='word_1_38' title='bbox 611 680 676 743; x_wconf 85' lang='lat' dir='ltr'>Hoc</span> <span class='ocrx_word' id='word_1_39' title='bbox 704 677 852 755; x_wconf 72' lang='lat' dir='ltr'>paaedixit</span> <span class='ocrx_word' id='word_1_40' title='bbox 879 683 909 736; x_wconf 88' lang='lat' dir='ltr'>et</span> <span class='ocrx_word' id='word_1_41' title='bbox 936 677 1018 753; x_wconf 84' lang='lat' dir='ltr'>psai-</span> 
     </span>
     <span class='ocr_line' id='line_1_7' title="bbox 105 782 1096 858; baseline 0.001 -15"><span class='ocrx_word' id='word_1_42' title='bbox 105 800 175 845; x_wconf 87' lang='lat' dir='ltr'>mus</span> <span class='ocrx_word' id='word_1_43' title='bbox 197 783 368 851; x_wconf 79' lang='lat' dir='ltr'>secundus,</span> <span class='ocrx_word' id='word_1_44' title='bbox 402 784 527 845; x_wconf 88' lang='lat' dir='ltr'>Postula</span> <span class='ocrx_word' id='word_1_45' title='bbox 548 800 567 845; x_wconf 88' lang='lat' dir='ltr'>a</span> <span class='ocrx_word' id='word_1_46' title='bbox 589 800 650 857; x_wconf 87' lang='lat' dir='ltr'>me,</span> <span class='ocrx_word' id='word_1_47' title='bbox 683 791 713 844; x_wconf 93' lang='lat' dir='ltr'>et</span> <span class='ocrx_word' id='word_1_48' title='bbox 734 783 816 845; x_wconf 82' lang='lat' dir='ltr'>dabo</span> <span class='ocrx_word' id='word_1_49' title='bbox 838 782 889 843; x_wconf 88' lang='lat' dir='ltr'>tibi</span> <span class='ocrx_word' id='word_1_50' title='bbox 911 787 1019 858; x_wconf 89' lang='lat' dir='ltr'>gentes</span> <span class='ocrx_word' id='word_1_51' title='bbox 1093 826 1096 844; x_wconf 72' lang='grc'><strong><em>,</em></strong></span> 
     </span>
     <span class='ocr_line' id='line_1_8' title="bbox 105 888 1018 966; baseline -0.001 -17"><span class='ocrx_word' id='word_1_52' title='bbox 105 888 323 951; x_wconf 88' lang='lat' dir='ltr'>haereditatem</span> <span class='ocrx_word' id='word_1_53' title='bbox 345 897 442 961; x_wconf 87' lang='lat' dir='ltr'>tuam,</span> <span class='ocrx_word' id='word_1_54' title='bbox 466 898 496 950; x_wconf 89' lang='lat' dir='ltr'>et</span> <span class='ocrx_word' id='word_1_55' title='bbox 517 889 748 966; x_wconf 86' lang='lat' dir='ltr'>possessionem</span> <span class='ocrx_word' id='word_1_56' title='bbox 770 897 852 949; x_wconf 86' lang='lat' dir='ltr'>tuam</span> <span class='ocrx_word' id='word_1_57' title='bbox 874 888 1018 948; x_wconf 87' lang='lat' dir='ltr'>terminos</span> 
     </span>
     <span class='ocr_line' id='line_1_9' title="bbox 105 992 1017 1071; baseline -0.004 -16"><span class='ocrx_word' id='word_1_58' title='bbox 105 1003 204 1056; x_wconf 83' lang='lat' dir='ltr'>terrae</span> <span class='ocrx_word' id='word_1_59' title='bbox 225 1003 300 1066; x_wconf 79' lang='lat' dir='ltr'>etc..</span> <span class='ocrx_word' id='word_1_60' title='bbox 335 996 404 1055; x_wconf 91' lang='lat' dir='ltr'>item</span> <span class='ocrx_word' id='word_1_61' title='bbox 428 994 567 1057; x_wconf 88' lang='lat' dir='ltr'>Psalmus</span> <span class='ocrx_word' id='word_1_62' title='bbox 587 992 641 1066; x_wconf 73' lang='lat'>72,</span> <span class='ocrx_word' id='word_1_63' title='bbox 675 994 882 1071; x_wconf 71' lang='lat' dir='ltr'><strong>Dominabitur</strong></span> <span class='ocrx_word' id='word_1_64' title='bbox 903 1011 921 1054; x_wconf 91' lang='lat' dir='ltr'>a</span> <span class='ocrx_word' id='word_1_65' title='bbox 943 994 1017 1069; x_wconf 76' lang='lat' dir='ltr'>muni</span> 
     </span>
    </p>
   </div>
   <div class='ocr_carea' id='block_1_4' title="bbox 106 1088 1127 1178">
    <p class='ocr_par' dir='ltr' id='par_1_4' title="bbox 106 1088 1127 1178">
     <span class='ocr_line' id='line_1_10' title="bbox 106 1088 1127 1178; baseline -0.012 -16"><span class='ocrx_word' id='word_1_66' title='bbox 106 1088 208 1178; x_wconf 67' lang='lat' dir='ltr'>neque</span> <span class='ocrx_word' id='word_1_67' title='bbox 236 1100 275 1161; x_wconf 90' lang='lat' dir='ltr'>ad</span> <span class='ocrx_word' id='word_1_68' title='bbox 304 1116 400 1172; x_wconf 86' lang='lat' dir='ltr'>mam,</span> <span class='ocrx_word' id='word_1_69' title='bbox 437 1108 468 1161; x_wconf 86' lang='lat' dir='ltr'>et</span> <span class='ocrx_word' id='word_1_70' title='bbox 496 1117 515 1160; x_wconf 89' lang='lat' dir='ltr'>a</span> <span class='ocrx_word' id='word_1_71' title='bbox 541 1099 673 1169; x_wconf 86' lang='lat' dir='ltr'>flumine</span> <span class='ocrx_word' id='word_1_72' title='bbox 690 1115 791 1177; x_wconf 81' lang='lat' dir='ltr'>usque</span> <span class='ocrx_word' id='word_1_73' title='bbox 813 1099 854 1160; x_wconf 88' lang='lat' dir='ltr'>ad</span> <span class='ocrx_word' id='word_1_74' title='bbox 875 1098 1026 1160; x_wconf 80' lang='lat' dir='ltr'>terminos&#39;</span> <span class='ocrx_word' id='word_1_75' title='bbox 1081 1144 1097 1170; x_wconf 35' lang='grc' dir='ltr'>χ</span> <span class='ocrx_word' id='word_1_76' title='bbox 1124 1138 1127 1150; x_wconf 93' lang='grc'><em>.</em></span> 
     </span>
    </p>
   </div>
   <div class='ocr_carea' id='block_1_5' title="bbox 59 1204 1097 1703">
    <p class='ocr_par' dir='ltr' id='par_1_5' title="bbox 59 1204 1097 1703">
     <span class='ocr_line' id='line_1_11' title="bbox 65 1204 1019 1282; baseline -0.003 -14"><span class='ocrx_word' id='word_1_77' title='bbox 65 1217 68 1221; x_wconf 83' lang='grc'><strong><em>’</em></strong></span> <span class='ocrx_word' id='word_1_78' title='bbox 106 1205 191 1268; x_wconf 87' lang='lat' dir='ltr'>orbis</span> <span class='ocrx_word' id='word_1_79' title='bbox 226 1214 383 1268; x_wconf 86' lang='lat' dir='ltr'>terrarum.</span> <span class='ocrx_word' id='word_1_80' title='bbox 421 1207 527 1282; x_wconf 70' lang='lat' dir='ltr'>Reges</span> <span class='ocrx_word' id='word_1_81' title='bbox 550 1205 676 1267; x_wconf 81' lang='lat' dir='ltr'>Tharais</span> <span class='ocrx_word' id='word_1_82' title='bbox 704 1211 735 1265; x_wconf 94' lang='lat' dir='ltr'>et</span> <span class='ocrx_word' id='word_1_83' title='bbox 754 1204 872 1266; x_wconf 84' lang='lat' dir='ltr'>insulae</span> <span class='ocrx_word' id='word_1_84' title='bbox 894 1220 1019 1266; x_wconf 81' lang='lat' dir='ltr'>munera</span> 
     </span>
     <span class='ocr_line' id='line_1_12' title="bbox 105 1286 1097 1395; baseline -0.004 -21"><span class='ocrx_word' id='word_1_85' title='bbox 105 1286 242 1384; x_wconf 74' lang='lat' dir='ltr'>offerent,</span> <span class='ocrx_word' id='word_1_86' title='bbox 264 1327 354 1394; x_wconf 79' lang='lat' dir='ltr'>neges</span> <span class='ocrx_word' id='word_1_87' title='bbox 374 1313 509 1377; x_wconf 80' lang='lat' dir='ltr'>Arabum</span> <span class='ocrx_word' id='word_1_88' title='bbox 532 1318 563 1373; x_wconf 90' lang='lat' dir='ltr'>et</span> <span class='ocrx_word' id='word_1_89' title='bbox 584 1310 769 1395; x_wconf 70' lang='lat' dir='ltr'>sabadona</span> <span class='ocrx_word' id='word_1_90' title='bbox 790 1309 951 1374; x_wconf 83' lang='lat' dir='ltr'>adducent.</span> <span class='ocrx_word' id='word_1_91' title='bbox 984 1309 1019 1371; x_wconf 84' lang='lat' dir='ltr'>Et</span> <span class='ocrx_word' id='word_1_92' title='bbox 1095 1316 1097 1321; x_wconf 69' lang='grc'><strong>“</strong></span> 
     </span>
     <span class='ocr_line' id='line_1_13' title="bbox 59 1417 1019 1499; baseline -0.001 -22"><span class='ocrx_word' id='word_1_93' title='bbox 59 1494 62 1499; x_wconf 84' lang='lat'><em>.</em></span> <span class='ocrx_word' id='word_1_94' title='bbox 105 1417 278 1478; x_wconf 85' lang='lat' dir='ltr'>adorabunt</span> <span class='ocrx_word' id='word_1_95' title='bbox 306 1434 376 1480; x_wconf 91' lang='lat' dir='ltr'>eum</span> <span class='ocrx_word' id='word_1_96' title='bbox 398 1428 505 1479; x_wconf 88' lang='lat' dir='ltr'>omnes</span> <span class='ocrx_word' id='word_1_97' title='bbox 526 1433 616 1493; x_wconf 83' lang='lat' dir='ltr'>reges</span> <span class='ocrx_word' id='word_1_98' title='bbox 638 1424 751 1486; x_wconf 84' lang='lat' dir='ltr'>terme,</span> <span class='ocrx_word' id='word_1_99' title='bbox 783 1431 889 1477; x_wconf 87' lang='lat' dir='ltr'>omnes</span> <span class='ocrx_word' id='word_1_100' title='bbox 912 1423 1019 1492; x_wconf 82' lang='lat' dir='ltr'><strong>gentes</strong></span> 
     </span>
     <span class='ocr_line' id='line_1_14' title="bbox 70 1519 1021 1608; baseline -0.001 -24"><span class='ocrx_word' id='word_1_101' title='bbox 70 1596 76 1608; x_wconf 32' lang='lat' dir='ltr'><strong><em>f</em></strong></span> <span class='ocrx_word' id='word_1_102' title='bbox 104 1523 242 1586; x_wconf 78' lang='lat' dir='ltr'>servient</span> <span class='ocrx_word' id='word_1_103' title='bbox 263 1525 301 1585; x_wconf 82' lang='lat' dir='ltr'>ei.</span> <span class='ocrx_word' id='word_1_104' title='bbox 338 1522 420 1583; x_wconf 89' lang='lat' dir='ltr'>Idem</span> <span class='ocrx_word' id='word_1_105' title='bbox 442 1530 571 1603; x_wconf 81' lang='lat' dir='ltr'>testatur</span> <span class='ocrx_word' id='word_1_106' title='bbox 591 1519 755 1599; x_wconf 83' lang='lat' dir='ltr'>promissio</span> <span class='ocrx_word' id='word_1_107' title='bbox 769 1519 911 1582; x_wconf 86' lang='lat' dir='ltr'>Abrahae</span> <span class='ocrx_word' id='word_1_108' title='bbox 933 1523 1021 1593; x_wconf 88' lang='lat' dir='ltr'>iacta,</span> 
     </span>
     <span class='ocr_line' id='line_1_15' title="bbox 101 1627 1018 1703; baseline 0.002 -15"><span class='ocrx_word' id='word_1_109' title='bbox 101 1628 133 1688; x_wconf 86' lang='lat' dir='ltr'>ln</span> <span class='ocrx_word' id='word_1_110' title='bbox 150 1629 266 1689; x_wconf 86' lang='lat' dir='ltr'>semine</span> <span class='ocrx_word' id='word_1_111' title='bbox 282 1635 335 1690; x_wconf 89' lang='lat' dir='ltr'>tuo</span> <span class='ocrx_word' id='word_1_112' title='bbox 350 1630 565 1690; x_wconf 72' lang='lat' dir='ltr'>benedicentur</span> <span class='ocrx_word' id='word_1_113' title='bbox 581 1643 687 1690; x_wconf 88' lang='lat' dir='ltr'>omnes</span> <span class='ocrx_word' id='word_1_114' title='bbox 701 1627 900 1703; x_wconf 78' lang='lat' dir='ltr'>cognationes</span> <span class='ocrx_word' id='word_1_115' title='bbox 912 1633 1018 1695; x_wconf 85' lang='lat' dir='ltr'>terrae.</span> 
     </span>
    </p>
   </div>
   <div class='ocr_carea' id='block_1_6' title="bbox 125 1727 1114 1810">
    <p class='ocr_par' dir='ltr' id='par_1_6' title="bbox 125 1727 1114 1810">
     <span class='ocr_line' id='line_1_16' title="bbox 125 1727 1114 1810; baseline -0.002 -14"><span class='ocrx_word' id='word_1_116' title='bbox 125 1772 129 1777; x_wconf 93' lang='lat'><em>-</em></span> <span class='ocrx_word' id='word_1_117' title='bbox 188 1734 254 1796; x_wconf 90' lang='lat' dir='ltr'>Non</span> <span class='ocrx_word' id='word_1_118' title='bbox 287 1741 400 1795; x_wconf 89' lang='lat' dir='ltr'>tantum</span> <span class='ocrx_word' id='word_1_119' title='bbox 429 1751 501 1810; x_wconf 84' lang='lat' dir='ltr'>ergo</span> <span class='ocrx_word' id='word_1_120' title='bbox 529 1735 585 1797; x_wconf 82' lang='lat' dir='ltr'>erit</span> <span class='ocrx_word' id='word_1_121' title='bbox 613 1727 931 1809; x_wconf 75' lang='lat' dir='ltr'>aetemumcegnum,</span> <span class='ocrx_word' id='word_1_122' title='bbox 963 1733 1019 1795; x_wconf 89' lang='lat' dir='ltr'>sed</span> <span class='ocrx_word' id='word_1_123' title='bbox 1111 1749 1114 1753; x_wconf 71' lang='grc'><em>’</em></span> 
     </span>
    </p>
   </div>
   <div class='ocr_carea' id='block_1_7' title="bbox 102 1823 1119 1921">
    <p class='ocr_par' dir='ltr' id='par_1_7' title="bbox 102 1823 1119 1921">
     <span class='ocr_line' id='line_1_17' title="bbox 102 1823 1119 1921; baseline 0 -21"><span class='ocrx_word' id='word_1_124' title='bbox 102 1839 194 1901; x_wconf 85' lang='lat' dir='ltr'>etiam</span> <span class='ocrx_word' id='word_1_125' title='bbox 224 1842 317 1900; x_wconf 87' lang='lat' dir='ltr'>latum</span> <span class='ocrx_word' id='word_1_126' title='bbox 345 1848 375 1902; x_wconf 91' lang='lat' dir='ltr'>et</span> <span class='ocrx_word' id='word_1_127' title='bbox 407 1857 459 1917; x_wconf 82' lang='lat' dir='ltr'>pen</span> <span class='ocrx_word' id='word_1_128' title='bbox 489 1823 584 1902; x_wconf 84' lang='lat' dir='ltr'>totum</span> <span class='ocrx_word' id='word_1_129' title='bbox 607 1839 711 1900; x_wconf 84' lang='lat' dir='ltr'>orbem</span> <span class='ocrx_word' id='word_1_130' title='bbox 735 1843 880 1900; x_wconf 86' lang='lat' dir='ltr'>terrarum</span> <span class='ocrx_word' id='word_1_131' title='bbox 902 1839 1021 1916; x_wconf 79' lang='lat' dir='ltr'>disper·</span> <span class='ocrx_word' id='word_1_132' title='bbox 1112 1906 1119 1921; x_wconf 36' lang='lat'><em>0</em></span> 
     </span>
    </p>
   </div>
   <div class='ocr_carea' id='block_1_8' title="bbox 105 1944 1111 2021">
    <p class='ocr_par' dir='ltr' id='par_1_8' title="bbox 105 1944 1111 2021">
     <span class='ocr_line' id='line_1_18' title="bbox 105 1944 1111 2021; baseline 0.001 -16"><span class='ocrx_word' id='word_1_133' title='bbox 105 1961 193 2016; x_wconf 86' lang='lat' dir='ltr'>sum,</span> <span class='ocrx_word' id='word_1_134' title='bbox 229 1944 289 2006; x_wconf 90' lang='lat' dir='ltr'>boc</span> <span class='ocrx_word' id='word_1_135' title='bbox 316 1952 379 2016; x_wconf 89' lang='lat' dir='ltr'>est,</span> <span class='ocrx_word' id='word_1_136' title='bbox 412 1962 471 2007; x_wconf 92' lang='lat' dir='ltr'>non</span> <span class='ocrx_word' id='word_1_137' title='bbox 503 1946 603 2008; x_wconf 88' lang='lat' dir='ltr'>solum</span> <span class='ocrx_word' id='word_1_138' title='bbox 625 1945 732 2007; x_wconf 84' lang='lat' dir='ltr'>Judaei</span> <span class='ocrx_word' id='word_1_139' title='bbox 765 1949 835 2006; x_wconf 82' lang='lat' dir='ltr'>sunt</span> <span class='ocrx_word' id='word_1_140' title='bbox 857 1944 1021 2021; x_wconf 79' lang='lat' dir='ltr'>parocipes</span> <span class='ocrx_word' id='word_1_141' title='bbox 1108 1990 1111 1997; x_wconf 82' lang='lat'><strong>.</strong></span> 
     </span>
    </p>
   </div>
   <div class='ocr_carea' id='block_1_9' title="bbox 103 2048 1046 2137">
    <p class='ocr_par' dir='ltr' id='par_1_9' title="bbox 103 2048 1046 2137">
     <span class='ocr_line' id='line_1_19' title="bbox 103 2048 1046 2137; baseline 0.003 -29"><span class='ocrx_word' id='word_1_142' title='bbox 103 2050 224 2127; x_wconf 83' lang='lat' dir='ltr'>gloriae</span> <span class='ocrx_word' id='word_1_143' title='bbox 237 2048 329 2126; x_wconf 81' lang='lat' dir='ltr'>buius</span> <span class='ocrx_word' id='word_1_144' title='bbox 340 2051 433 2127; x_wconf 84' lang='lat' dir='ltr'>regni,</span> <span class='ocrx_word' id='word_1_145' title='bbox 456 2051 557 2112; x_wconf 79' lang='lat' dir='ltr'>sedet</span> <span class='ocrx_word' id='word_1_146' title='bbox 580 2067 687 2114; x_wconf 84' lang='lat' dir='ltr'>omues</span> <span class='ocrx_word' id='word_1_147' title='bbox 710 2057 816 2127; x_wconf 78' lang='lat' dir='ltr'>gentes</span> <span class='ocrx_word' id='word_1_148' title='bbox 838 2066 893 2137; x_wconf 82' lang='lat' dir='ltr'>per</span> <span class='ocrx_word' id='word_1_149' title='bbox 915 2051 1046 2130; x_wconf 46' lang='lat' dir='ltr'>orbem„</span> 
     </span>
    </p>
   </div>
   <div class='ocr_carea' id='block_1_10' title="bbox 101 2146 1125 2242">
    <p class='ocr_par' dir='ltr' id='par_1_10' title="bbox 101 2146 1125 2242">
     <span class='ocr_line' id='line_1_20' title="bbox 101 2146 1125 2242; baseline 0 -25"><span class='ocrx_word' id='word_1_150' title='bbox 101 2163 251 2217; x_wconf 77' lang='lat' dir='ltr'>tectarum</span> <span class='ocrx_word' id='word_1_151' title='bbox 282 2155 458 2234; x_wconf 80' lang='lat' dir='ltr'>dispersae,</span> <span class='ocrx_word' id='word_1_152' title='bbox 496 2173 577 2237; x_wconf 80' lang='lat' dir='ltr'>quae</span> <span class='ocrx_word' id='word_1_153' title='bbox 609 2154 690 2218; x_wconf 91' lang='lat' dir='ltr'>bunc</span> <span class='ocrx_word' id='word_1_154' title='bbox 711 2155 854 2242; x_wconf 76' lang='lat' dir='ltr'>insontem</span> <span class='ocrx_word' id='word_1_155' title='bbox 876 2163 907 2215; x_wconf 88' lang='lat' dir='ltr'>et</span> <span class='ocrx_word' id='word_1_156' title='bbox 927 2146 1021 2229; x_wconf 82' lang='lat' dir='ltr'>fitium</span> <span class='ocrx_word' id='word_1_157' title='bbox 1055 2160 1058 2164; x_wconf 85' lang='grc'><strong><em>’</em></strong></span> <span class='ocrx_word' id='word_1_158' title='bbox 1106 2154 1125 2210; x_wconf 69' lang='lat' dir='ltr'>s</span> 
     </span>
    </p>
   </div>
   <div class='ocr_carea' id='block_1_11' title="bbox 60 2259 1112 3838">
    <p class='ocr_par' dir='ltr' id='par_1_11' title="bbox 60 2259 1112 3838">
     <span class='ocr_line' id='line_1_21' title="bbox 101 2259 1028 2338; baseline 0 -16"><span class='ocrx_word' id='word_1_159' title='bbox 101 2269 277 2337; x_wconf 77' lang='lat' dir='ltr'>agnoscunt</span> <span class='ocrx_word' id='word_1_160' title='bbox 305 2263 365 2324; x_wconf 81' lang='lat' dir='ltr'>eibi</span> <span class='ocrx_word' id='word_1_161' title='bbox 386 2271 489 2324; x_wconf 90' lang='lat' dir='ltr'>natum</span> <span class='ocrx_word' id='word_1_162' title='bbox 511 2280 585 2324; x_wconf 86' lang='lat' dir='ltr'>esse</span> <span class='ocrx_word' id='word_1_163' title='bbox 605 2269 635 2323; x_wconf 91' lang='lat' dir='ltr'>et</span> <span class='ocrx_word' id='word_1_164' title='bbox 656 2262 769 2323; x_wconf 88' lang='lat' dir='ltr'>datum.</span> <span class='ocrx_word' id='word_1_165' title='bbox 811 2259 927 2338; x_wconf 81' lang='lat' dir='ltr'>Estque</span> <span class='ocrx_word' id='word_1_166' title='bbox 948 2276 1028 2322; x_wconf 91' lang='lat' dir='ltr'>con·.</span> 
     </span>
     <span class='ocr_line' id='line_1_22' title="bbox 100 2365 1072 2446; baseline 0.001 -19"><span class='ocrx_word' id='word_1_167' title='bbox 100 2365 233 2429; x_wconf 80' lang='lat' dir='ltr'>firmatio</span> <span class='ocrx_word' id='word_1_168' title='bbox 255 2369 518 2445; x_wconf 85' lang='lat' dir='ltr'>praecedentium,</span> <span class='ocrx_word' id='word_1_169' title='bbox 539 2370 629 2446; x_wconf 88' lang='lat' dir='ltr'>quasi</span> <span class='ocrx_word' id='word_1_170' title='bbox 650 2367 746 2441; x_wconf 85' lang='lat' dir='ltr'>dicat,</span> <span class='ocrx_word' id='word_1_171' title='bbox 769 2365 900 2437; x_wconf 85' lang='lat' dir='ltr'>Omnino</span> <span class='ocrx_word' id='word_1_172' title='bbox 920 2382 1022 2428; x_wconf 82' lang='lat' dir='ltr'>resun-</span> <span class='ocrx_word' id='word_1_173' title='bbox 1067 2434 1072 2441; x_wconf 61' lang='grc'><em>,</em></span> 
     </span>
     <span class='ocr_line' id='line_1_23' title="bbox 102 2471 1073 2553; baseline 0.002 -22"><span class='ocrx_word' id='word_1_174' title='bbox 102 2478 177 2547; x_wconf 88' lang='lat' dir='ltr'>gent</span> <span class='ocrx_word' id='word_1_175' title='bbox 190 2471 298 2534; x_wconf 86' lang='lat' dir='ltr'>mortui</span> <span class='ocrx_word' id='word_1_176' title='bbox 312 2474 755 2553; x_wconf 74' lang='lat' dir='ltr'>muiticongregabunturque</span> <span class='ocrx_word' id='word_1_177' title='bbox 771 2473 816 2532; x_wconf 89' lang='lat' dir='ltr'>ad</span> <span class='ocrx_word' id='word_1_178' title='bbox 830 2473 921 2535; x_wconf 75' lang='lat' dir='ltr'>uitam</span> <span class='ocrx_word' id='word_1_179' title='bbox 942 2473 1022 2534; x_wconf 87' lang='lat' dir='ltr'>iiiam</span> <span class='ocrx_word' id='word_1_180' title='bbox 1068 2475 1073 2481; x_wconf 89' lang='lat'>&#39;</span> 
     </span>
     <span class='ocr_line' id='line_1_24' title="bbox 60 2577 1023 2650; baseline 0.006 -16"><span class='ocrx_word' id='word_1_181' title='bbox 60 2616 67 2633; x_wconf 77' lang='grc'>.</span> <span class='ocrx_word' id='word_1_182' title='bbox 102 2586 275 2649; x_wconf 84' lang='lat' dir='ltr'>aeternam,</span> <span class='ocrx_word' id='word_1_183' title='bbox 291 2595 366 2643; x_wconf 76' lang='lat' dir='ltr'>‚aon</span> <span class='ocrx_word' id='word_1_184' title='bbox 395 2580 495 2641; x_wconf 82' lang='lat' dir='ltr'>solum</span> <span class='ocrx_word' id='word_1_185' title='bbox 517 2596 555 2640; x_wconf 90' lang='lat' dir='ltr'>ex</span> <span class='ocrx_word' id='word_1_186' title='bbox 576 2578 709 2650; x_wconf 87' lang='lat' dir='ltr'>Judaea,</span> <span class='ocrx_word' id='word_1_187' title='bbox 741 2577 797 2639; x_wconf 89' lang='lat' dir='ltr'>sed</span> <span class='ocrx_word' id='word_1_188' title='bbox 819 2593 858 2639; x_wconf 89' lang='lat' dir='ltr'>ex</span> <span class='ocrx_word' id='word_1_189' title='bbox 880 2578 1023 2640; x_wconf 85' lang='lat' dir='ltr'>omnibns</span> 
     </span>
     <span class='ocr_line' id='line_1_25' title="bbox 103 2666 1051 2769; baseline 0.002 -25"><span class='ocrx_word' id='word_1_190' title='bbox 103 2683 242 2744; x_wconf 85' lang='lat' dir='ltr'>terminia</span> <span class='ocrx_word' id='word_1_191' title='bbox 277 2682 369 2745; x_wconf 86' lang='lat' dir='ltr'>totius</span> <span class='ocrx_word' id='word_1_192' title='bbox 407 2684 517 2769; x_wconf 84' lang='lat' dir='ltr'>mnndi.</span> <span class='ocrx_word' id='word_1_193' title='bbox 570 2666 817 2760; x_wconf 77' lang='lat' dir='ltr'>Multiplicabitur</span> <span class='ocrx_word' id='word_1_194' title='bbox 849 2685 928 2769; x_wconf 82' lang='lat' dir='ltr'>enim</span> <span class='ocrx_word' id='word_1_195' title='bbox 956 2683 1051 2746; x_wconf 78' lang='lat' dir='ltr'>boe</span> 
     </span>
     <span class='ocr_line' id='line_1_26' title="bbox 104 2788 1036 2873; baseline 0.001 -25"><span class='ocrx_word' id='word_1_196' title='bbox 104 2803 243 2865; x_wconf 84' lang='lat' dir='ltr'>regnum</span> <span class='ocrx_word' id='word_1_197' title='bbox 257 2788 288 2849; x_wconf 93' lang='lat' dir='ltr'>in</span> <span class='ocrx_word' id='word_1_198' title='bbox 310 2804 421 2852; x_wconf 87' lang='lat' dir='ltr'>omnes</span> <span class='ocrx_word' id='word_1_199' title='bbox 442 2797 550 2866; x_wconf 80' lang='lat' dir='ltr'>gentes</span> <span class='ocrx_word' id='word_1_200' title='bbox 571 2804 674 2865; x_wconf 82' lang='lat' dir='ltr'>usque</span> <span class='ocrx_word' id='word_1_201' title='bbox 696 2788 735 2873; x_wconf 72' lang='lat' dir='ltr'>ad</span> <span class='ocrx_word' id='word_1_202' title='bbox 751 2788 980 2853; x_wconf 73' lang='lat' dir='ltr'>‚finemmuodi</span> <span class='ocrx_word' id='word_1_203' title='bbox 1027 2834 1036 2849; x_wconf 86' lang='lat'>.</span> 
     </span>
     <span class='ocr_line' id='line_1_27' title="bbox 189 2888 1112 2985; baseline 0.004 -32"><span class='ocrx_word' id='word_1_204' title='bbox 189 2893 244 2956; x_wconf 87' lang='lat' dir='ltr'>Hic</span> <span class='ocrx_word' id='word_1_205' title='bbox 261 2895 402 2972; x_wconf 81' lang='lat' dir='ltr'>quaestio</span> <span class='ocrx_word' id='word_1_206' title='bbox 420 2903 478 2985; x_wconf 84' lang='lat' dir='ltr'>¹est&#39;</span> <span class='ocrx_word' id='word_1_207' title='bbox 492 2896 531 2957; x_wconf 91' lang='lat' dir='ltr'>de</span> <span class='ocrx_word' id='word_1_208' title='bbox 551 2896 640 2966; x_wconf 81' lang='lat' dir='ltr'>Mem,</span> <span class='ocrx_word' id='word_1_209' title='bbox 662 2893 744 2972; x_wconf 89' lang='lat' dir='ltr'>quod</span> <span class='ocrx_word' id='word_1_210' title='bbox 767 2910 919 2969; x_wconf 88' lang='lat' dir='ltr'>nusquam</span> <span class='ocrx_word' id='word_1_211' title='bbox 941 2894 1024 2957; x_wconf 81' lang='lat' dir='ltr'>elau·</span> <span class='ocrx_word' id='word_1_212' title='bbox 1075 2888 1078 2900; x_wconf 88' lang='lat'>&#39;</span> <span class='ocrx_word' id='word_1_213' title='bbox 1108 2974 1112 2981; x_wconf 26' lang='grc'><strong><em>1</em></strong></span> 
     </span>
     <span class='ocr_line' id='line_1_28' title="bbox 105 2998 1024 3081; baseline 0 -21"><span class='ocrx_word' id='word_1_214' title='bbox 105 3016 177 3061; x_wconf 87' lang='lat' dir='ltr'>sum</span> <span class='ocrx_word' id='word_1_215' title='bbox 200 3000 350 3063; x_wconf 85' lang='lat' dir='ltr'>invenitur</span> <span class='ocrx_word' id='word_1_216' title='bbox 371 3000 401 3062; x_wconf 92' lang='lat' dir='ltr'>in</span> <span class='ocrx_word' id='word_1_217' title='bbox 423 3001 525 3074; x_wconf 83' lang='lat' dir='ltr'>biblia,</span> <span class='ocrx_word' id='word_1_218' title='bbox 545 3001 603 3062; x_wconf 89' lang='lat' dir='ltr'>nisi</span> <span class='ocrx_word' id='word_1_219' title='bbox 625 2999 736 3061; x_wconf 83' lang='lat' dir='ltr'>inme</span> <span class='ocrx_word' id='word_1_220' title='bbox 758 2998 913 3081; x_wconf 77' lang='lat' dir='ltr'>dictionis,</span> <span class='ocrx_word' id='word_1_221' title='bbox 933 3015 1024 3076; x_wconf 85' lang='lat' dir='ltr'>eper-</span> 
     </span>
     <span class='ocr_line' id='line_1_29' title="bbox 105 3103 1022 3182; baseline -0.002 -16"><span class='ocrx_word' id='word_1_222' title='bbox 105 3111 169 3166; x_wconf 91' lang='lat' dir='ltr'>tum</span> <span class='ocrx_word' id='word_1_223' title='bbox 205 3107 319 3169; x_wconf 86' lang='lat' dir='ltr'>obtinet</span> <span class='ocrx_word' id='word_1_224' title='bbox 350 3108 398 3168; x_wconf 88' lang='lat' dir='ltr'>vel</span> <span class='ocrx_word' id='word_1_225' title='bbox 427 3106 635 3169; x_wconf 81' lang='lat' dir='ltr'>mediumve}</span> <span class='ocrx_word' id='word_1_226' title='bbox 664 3105 843 3182; x_wconf 83' lang='lat' dir='ltr'>principium</span> <span class='ocrx_word' id='word_1_227' title='bbox 874 3103 1022 3167; x_wconf 86' lang='lat' dir='ltr'>dictionis.</span> 
     </span>
     <span class='ocr_line' id='line_1_30' title="bbox 88 3193 1022 3308; baseline 0.001 -39"><span class='ocrx_word' id='word_1_228' title='bbox 88 3210 164 3272; x_wconf 50' lang='lat' dir='ltr'>¹Hic</span> <span class='ocrx_word' id='word_1_229' title='bbox 192 3228 265 3273; x_wconf 86' lang='lat' dir='ltr'>vero</span> <span class='ocrx_word' id='word_1_230' title='bbox 294 3213 324 3273; x_wconf 89' lang='lat' dir='ltr'>in</span> <span class='ocrx_word' id='word_1_231' title='bbox 354 3211 501 3289; x_wconf 85' lang='lat' dir='ltr'>principio</span> <span class='ocrx_word' id='word_1_232' title='bbox 523 3210 662 3274; x_wconf 90' lang='lat' dir='ltr'>dictionis</span> <span class='ocrx_word' id='word_1_233' title='bbox 686 3193 859 3308; x_wconf 32' lang='lat' dir='ltr'>(57:¹0qu</span> <span class='ocrx_word' id='word_1_234' title='bbox 884 3210 1022 3271; x_wconf 84' lang='lat' dir='ltr'>clausum</span> 
     </span>
     <span class='ocr_line' id='line_1_31' title="bbox 104 3309 1081 3402; baseline -0.001 -18"><span class='ocrx_word' id='word_1_235' title='bbox 104 3329 155 3385; x_wconf 88' lang='lat' dir='ltr'>est</span> <span class='ocrx_word' id='word_1_236' title='bbox 185 3332 289 3385; x_wconf 85' lang='lat' dir='ltr'>contra</span> <span class='ocrx_word' id='word_1_237' title='bbox 311 3331 448 3386; x_wconf 85' lang='lat' dir='ltr'>naturam</span> <span class='ocrx_word' id='word_1_238' title='bbox 471 3332 500 3387; x_wconf 88' lang='lat' dir='ltr'>et</span> <span class='ocrx_word' id='word_1_239' title='bbox 521 3324 759 3402; x_wconf 83' lang='lat' dir='ltr'>grammaticam.</span> <span class='ocrx_word' id='word_1_240' title='bbox 776 3309 784 3323; x_wconf 83' lang='grc'><strong>’</strong></span> <span class='ocrx_word' id='word_1_241' title='bbox 800 3310 907 3385; x_wconf 77' lang='lat' dir='ltr'>iudaei</span> <span class='ocrx_word' id='word_1_242' title='bbox 930 3338 1025 3399; x_wconf 86' lang='lat' dir='ltr'>expo·</span> <span class='ocrx_word' id='word_1_243' title='bbox 1079 3351 1081 3355; x_wconf 95' lang='lat'>·</span> 
     </span>
     <span class='ocr_line' id='line_1_32' title="bbox 105 3426 1038 3508; baseline 0.002 -20"><span class='ocrx_word' id='word_1_244' title='bbox 105 3436 185 3491; x_wconf 86' lang='lat' dir='ltr'>nunt</span> <span class='ocrx_word' id='word_1_245' title='bbox 215 3429 284 3503; x_wconf 84' lang='lat' dir='ltr'>ideo</span> <span class='ocrx_word' id='word_1_246' title='bbox 314 3426 453 3492; x_wconf 77' lang='lat' dir='ltr'>clausum</span> <span class='ocrx_word' id='word_1_247' title='bbox 475 3447 561 3504; x_wconf 86' lang='lat' dir='ltr'>esse,</span> <span class='ocrx_word' id='word_1_248' title='bbox 595 3429 678 3508; x_wconf 89' lang='lat' dir='ltr'>quod</span> <span class='ocrx_word' id='word_1_249' title='bbox 700 3430 909 3508; x_wconf 76' lang='lat' dir='ltr'>multiplicatio</span> <span class='ocrx_word' id='word_1_250' title='bbox 925 3429 975 3491; x_wconf 88' lang='lat' dir='ltr'>illa</span> <span class='ocrx_word' id='word_1_251' title='bbox 996 3434 1038 3491; x_wconf 90' lang='lat' dir='ltr'>et·</span> 
     </span>
     <span class='ocr_line' id='line_1_33' title="bbox 104 3517 1024 3614; baseline 0.002 -20"><span class='ocrx_word' id='word_1_252' title='bbox 104 3535 247 3608; x_wconf 79' lang='lat' dir='ltr'>libertae,</span> <span class='ocrx_word' id='word_1_253' title='bbox 282 3536 320 3597; x_wconf 86' lang='lat' dir='ltr'>ad</span> <span class='ocrx_word' id='word_1_254' title='bbox 361 3551 452 3614; x_wconf 88' lang='lat' dir='ltr'>quam</span> <span class='ocrx_word' id='word_1_255' title='bbox 482 3544 554 3614; x_wconf 82' lang='lat' dir='ltr'>post</span> <span class='ocrx_word' id='word_1_256' title='bbox 580 3537 785 3614; x_wconf 88' lang='lat' dir='ltr'>captivitatem</span> <span class='ocrx_word' id='word_1_257' title='bbox 811 3517 1024 3613; x_wconf 77' lang='lat' dir='ltr'>babylonicam</span> 
     </span>
     <span class='ocr_line' id='line_1_34' title="bbox 106 3639 1055 3727; baseline 0.001 -27"><span class='ocrx_word' id='word_1_258' title='bbox 106 3639 234 3727; x_wconf 66' lang='lat' dir='ltr'>eedituni</span> <span class='ocrx_word' id='word_1_259' title='bbox 256 3648 349 3714; x_wconf 73' lang='lat' dir='ltr'>orent,</span> <span class='ocrx_word' id='word_1_260' title='bbox 371 3641 554 3705; x_wconf 81' lang='lat' dir='ltr'>abscondita</span> <span class='ocrx_word' id='word_1_261' title='bbox 574 3644 663 3706; x_wconf 82' lang='lat' dir='ltr'>tuerit</span> <span class='ocrx_word' id='word_1_262' title='bbox 683 3660 738 3721; x_wconf 79' lang='lat' dir='ltr'>pen</span> <span class='ocrx_word' id='word_1_263' title='bbox 759 3643 789 3705; x_wconf 90' lang='lat' dir='ltr'>id</span> <span class='ocrx_word' id='word_1_264' title='bbox 812 3647 941 3718; x_wconf 73' lang='lat' dir='ltr'>tempus,</span> <span class='ocrx_word' id='word_1_265' title='bbox 963 3656 1025 3717; x_wconf 92' lang='lat' dir='ltr'>quo</span> <span class='ocrx_word' id='word_1_266' title='bbox 1052 3707 1055 3711; x_wconf 62' lang='grc'>,</span> 
     </span>
     <span class='ocr_line' id='line_1_35' title="bbox 109 3728 1027 3838; baseline -0.001 -27"><span class='ocrx_word' id='word_1_267' title='bbox 109 3748 275 3825; x_wconf 80' lang='lat' dir='ltr'>eaptivitas</span> <span class='ocrx_word' id='word_1_268' title='bbox 298 3728 437 3812; x_wconf 81' lang='lat' dir='ltr'>durabat.</span> <span class='ocrx_word' id='word_1_269' title='bbox 480 3749 542 3838; x_wconf 78' lang='lat' dir='ltr'>Sed</span> <span class='ocrx_word' id='word_1_270' title='bbox 563 3749 624 3812; x_wconf 88' lang='lat' dir='ltr'>boc</span> <span class='ocrx_word' id='word_1_271' title='bbox 645 3766 706 3818; x_wconf 89' lang='lat' dir='ltr'>non</span> <span class='ocrx_word' id='word_1_272' title='bbox 726 3758 774 3813; x_wconf 82' lang='lat' dir='ltr'>eat</span> <span class='ocrx_word' id='word_1_273' title='bbox 797 3764 912 3811; x_wconf 88' lang='lat' dir='ltr'>vemm.</span> <span class='ocrx_word' id='word_1_274' title='bbox 951 3749 1027 3825; x_wconf 77' lang='lat' dir='ltr'>Quia</span> 
     </span>
    </p>
   </div>
   <div class='ocr_carea' id='block_1_12' title="bbox 690 3863 969 3959">
    <p class='ocr_par' dir='ltr' id='par_1_12' title="bbox 690 3863 969 3959">
     <span class='ocr_line' id='line_1_36' title="bbox 690 3863 969 3959; baseline -0.004 -56"><span class='ocrx_word' id='word_1_275' title='bbox 690 3888 695 3903; x_wconf 74' lang='grc'><em>,</em></span> <span class='ocrx_word' id='word_1_276' title='bbox 720 3863 821 3959; x_wconf 48' lang='lat' dir='ltr'>Qu*</span> <span class='ocrx_word' id='word_1_277' title='bbox 966 3939 969 3944; x_wconf 12' lang='lat'>⁸</span> 
     </span>
    </p>
   </div>
   <div class='ocr_carea' id='block_1_13' title="bbox 0 0 1142 4170">
    <p class='ocr_par' dir='ltr' id='par_1_13' title="bbox 0 0 1142 4170">
     <span class='ocr_line' id='line_1_37' title="bbox 0 0 1142 4170; baseline 0 0"><span class='ocrx_word' id='word_1_278' title='bbox 0 0 1142 4170; x_wconf 95' lang='lat' dir='ltr'> </span> 
     </span>
    </p>
   </div>
  </div>
 </body>
</html>
