2258 4170
312 136 316 143 Ι
359 169 378 220 ss
432 185 499 262 Gap
519 178 571 246 53.-
591 183 700 244 dorice.
829 223 838 249 ι,
958 176 1023 246 did

106 365 201 428 docet
221 361 283 427 'hic
315 364 425 427 nntium
455 378 529 427 esse
566 361 831 437 abscontionem·
857 365 930 427 scd¹
951 372 1030 442 cotr-⁴
1056 388 1059 402 ·

108 471 283 544 cretionem,
308 468 546 551 conjunctionem
569 477 599 530 et
613 453 845 546 'copulationem
864 470 1022 545 utriusque

107 583 245 639 naturus.
553 553 558 568 ’
592 587 595 591 ’

193 682 383 760 Quapropter
413 682 455 743 de
482 680 542 742 huo
568 680 820 759 reloquendum
846 687 900 741 ost
925 686 960 740 ut
985 677 1024 739 de

110 784 262 850 concreto.
295 788 452 849 FiliusDei
474 795 637 850 conservat
659 788 768 858 omnia,
788 782 870 849 titius¹
892 785 1045 860 Virginis*

109 901 275 955 conservet
310 895 427 955 coelum
455 885 637 956 et'terrcm.
690 893 783 954 Filius
802 893 873 953 Dei·
891 891 1026 963 moritur,

109 992 231 1076 potitur,
253 998 332 1059 fitius
354 998 479 1074 virginis
501 998 634 1069 moritur,
656 992 798 1075 p'nt'itur.
793 997 871 1084 Sic
892 997 1025 1075 loquitur

109 1105 272 1194 scripturo,
287 1104 383 1180 quod
405 1104 564 1179 diligenter
583 1098 799 1219 observemus,
819 1110 861 1164 ut
876 1101 1025 1165 hocloco

109 1225 222 1270 servus
243 1209 353 1271 dicitur
373 1209 497 1273 excitari
518 1204 577 1273 ete
677 1244 680 1251 ·
801 1220 803 1225 '

191 1315 268 1377 tium
283 1323 391 1379 nutura
412 1315 542 1376 seorsim
565 1324 666 1378 sumtu
687 1324 735 1377 est
757 1330 857 1376 servu
892 1306 967 1376 Sed
975 1329 1038 1386 ,trir-¹

64 1464 67 1471 .
108 1419 420 1496 dom-estoonjuucte
441 1432 509 1481 oum
532 1420 642 1494 diviua,
664 1420 869 1498 orgo-eudem
892 1434 1025 1497 persono
1099 1400 1103 1407 ’

109 1534 239 1588 vocetur
265 1525 373 1598 dtius,-
396 1533 426 1586 et
453 1527 593 1603 aequatis
617 1528 681 1589 Deo
702 1526 1025 1595 inhumanandum,

70 1618 248 1719 ''non-per
269 1648 304 1694 se
326 1631 536 1703 vetseorsim,
556 1634 612 1695 scd
634 1634 663 1694 in
685 1632 741 1693 itin
757 1613 965 1702 concretione,
987 1631 1026 1692 de

108 1752 174 1813 qne
200 1734 343 1799 dicuntur
371 1734 491 1802 omnio.-
526 1737 620 1815 Quae
631 1745 763 1816 possunt
783 1734 848 1801 dici
863 1737 902 1800 de
924 1738 1028 1799 divino

105 1851 227 1915 notura,
249 1843 410 1910 dicuutur
402 1861 431 1905 m
445 1853 589 1906 coriorum
601 1851 630 1905 ct
644 1845 683 1906 dc
697 1828 799 1916 attere,
808 1837 930 1907 scitioet
942 1843 1026 1905 truita
1101 1875 1103 1881 ι

106 1948 138 2010 in
160 1948 289 2011 crudem
311 1966 482 2026 personam.

193 2052 277 2116 [desc
298 2063 368 2117 sunt
389 2056 488 2132 ipsius
511 2056 693 2133 scriptume,
721 2072 781 2117 nou
801 2061 921 2126 nostru,
953 2054 1053 2133 quia.
1104 2047 1107 2051 ’

108 2167 240 2222 vocatur
265 2160 562 2224 bruchium-'Domini
590 2160 670 2222 iilius
687 2155 764 2234 ¹Dei,
791 2162 853 2253 ,sts'd¹
876 2161 949 2239 quis
978 2168 1026 2234 est

106 2266 214 2327 unitus
235 2282 304 2327 cum
326 2274 433 2329 neutro
454 2256 597 2338 humone,
617 2274 702 2329 recte
721 2266 830 2329 dicitnr
850 2267 1026 2338 ascendere,

107 2371 200 2443 mori,
230 2373 291 2448 poti
321 2378 378 2441 etc.
413 2381 537 2450 proptor
558 2374 637 2434 itium
659 2372 811 2436 unionem.
853 2374 937 2433 Haec
958 2373 1025 2433 ubi·
1081 2389 1085 2397 ¹

107 2491 172 2555 que
195 2476 353 2552 diiigenter
375 2478 602 2540 considerentur
623 2479 651 2539 iu
673 2477 847 2572 prophetis,
878 2478 929 2539 ubi
952 2477 1038 2539 sim·-

108 2581 229 2658 piiciter
244 2581 283 2642 de
303 2581 425 2645 Christo
444 2585 579 2662 loquitur
599 2585 757 2661 scripturo,
779 2589 813 2645 ut
834 2581 873 2643 de
894 2582 1025 2656 homine,

108 2687 247 2771 tribuens
268 2689 296 2748 ei
318 2689 419 2749 omnic
440 2688 587 2762 humone,
617 2688 768 2750 humanos
790 2689 967 2765 passiones,
995 2696 1026 2749 ct

108 2796 314 2897 quoscunque
341 2801 472 2871 possunt
505 2796 544 2854 de
572 2810 609 2855 co
637 2802 744 2878 nature
766 2792 842 2866 dici,
874 2793 964 2853 etium
985 2788 1040 2879 de'
1119 2826 1124 2851 t

107 2889 238 2975 poccoto
268 2899 342 2973 (sod
368 2915 429 2960 nou
459 2900 673 2977 personaliter,
705 2900 779 2977 quic
804 2896 834 2960 in
863 2897 943 2959 huuc
963 2914 1024 2959 uon

107 3003 190 3067 cudit
216 3005 391 3081 peccaturo)
415 3021 474 3066 nou
497 3005 664 3067 secuudum
686 3004 936 3111 abscessionem,
951 3002 1021 3065 sed

107 3110 461 3175 cornutorum,

131 3202 286 3275 Stutte
304 3210 395 3290 igitur
416 3222 446 3276 et
466 3215 593 3279 ridicule
614 3215 772 3276 Nestorius
795 3214 921 3293 quaerit,
943 3214 1024 3290 Quo·
1079 3251 1085 3257 -

107 3318 200 3379 modo
223 3318 305 3379 Deus
327 3326 430 3396 potest
452 3320 561 3384 nosci?
593 3321 840 3390 corcodisum,
869 3307 1029 3381 christum

105 3436 180 3484 csse
204 3422 299 3484 fitium
320 3423 381 3485 Dei·
399 3426 487 3486 cieris
510 3425 613 3487 vorbis
635 3424 754 3495 diceus,
785 3424 868 3485 Deus
889 3439 950 3483 uon
974 3431 1022 3486 est

103 3528 206 3599 Birris,
227 3527 332 3601 idest,
356 3531 404 3591 bis
420 3539 518 3601 nutus,
539 3545 600 3592 non
622 3528 715 3590 hebet
736 3528 814 3591 duos
836 3527 1022 3604 majestates,

103 3632 161 3718 sed
193 3635 287 3694 semei
318 3642 417 3697 nutus.
447 3626 524 3697 *Nos
546 3649 619 3696 vero
642 3633 770 3695 dicimus
792 3632 944 3695 Christum
967 3651 1021 3695 nc·
1057 3628 1058 3633 ’

99 3743 165 3824 turn
187 3737 227 3798 de
249 3737 383 3814 virgine,
411 3739 467 3802 sed
490 3739 591 3813 [tous
612 3757 678 3802 uon.
692 3744 795 3816 potest
815 3737 928 3801 noscit
965 3739 1032 3801 Sic
