<?xml version="1.0" encoding="UTF-8"?>
<!DOCTYPE html PUBLIC "-//W3C//DTD XHTML 1.0 Transitional//EN"
    "http://www.w3.org/TR/xhtml1/DTD/xhtml1-transitional.dtd">
<html xmlns="http://www.w3.org/1999/xhtml" xml:lang="en" lang="en">
 <head>
  <title>
</title>
<meta http-equiv="Content-Type" content="text/html;charset=utf-8" />
  <meta name='ocr-system' content='tesseract 3.04.00' />
  <meta name='ocr-capabilities' content='ocr_page ocr_carea ocr_par ocr_line ocrx_word'/>
</head>
<body>
  <div class='ocr_page' id='page_1' title='image "./exegeticaoperal01luthgoog_0055.png"; bbox 0 0 2258 4170; ppageno 0'>
   <div class='ocr_carea' id='block_1_1' title="bbox 161 124 911 260">
    <p class='ocr_par' dir='ltr' id='par_1_1' title="bbox 161 124 911 260">
     <span class='ocr_line' id='line_1_1' title="bbox 161 124 911 260; baseline -0.001 -26"><span class='ocrx_word' id='word_1_1' title='bbox 161 162 204 257; x_wconf 64' lang='lat' dir='ltr'>dd</span> <span class='ocrx_word' id='word_1_2' title='bbox 241 190 245 202; x_wconf 95' lang='lat'>·</span> <span class='ocrx_word' id='word_1_3' title='bbox 367 171 459 250; x_wconf 75' lang='lat' dir='ltr'>caput</span> <span class='ocrx_word' id='word_1_4' title='bbox 472 124 719 250; x_wconf 72' lang='lat' dir='ltr'>quadragesimum</span> <span class='ocrx_word' id='word_1_5' title='bbox 741 132 875 250; x_wconf 70' lang='lat' dir='ltr'>poenum</span> <span class='ocrx_word' id='word_1_6' title='bbox 909 256 911 260; x_wconf 11' lang='lat' dir='ltr'>y</span> 
     </span>
    </p>
   </div>
   <div class='ocr_carea' id='block_1_2' title="bbox 162 326 1118 537">
    <p class='ocr_par' dir='ltr' id='par_1_2' title="bbox 162 326 1118 537">
     <span class='ocr_line' id='line_1_2' title="bbox 162 326 1118 431; baseline 0 -18"><span class='ocrx_word' id='word_1_7' title='bbox 162 350 235 414; x_wconf 89' lang='lat' dir='ltr'>bom</span> <span class='ocrx_word' id='word_1_8' title='bbox 257 368 329 415; x_wconf 87' lang='lat' dir='ltr'>vere</span> <span class='ocrx_word' id='word_1_9' title='bbox 351 354 528 416; x_wconf 80' lang='lat' dir='ltr'>consolatur</span> <span class='ocrx_word' id='word_1_10' title='bbox 544 353 633 431; x_wconf 85' lang='lat' dir='ltr'>J&#39;uxia</span> <span class='ocrx_word' id='word_1_11' title='bbox 654 353 700 417; x_wconf 87' lang='lat' dir='ltr'>id:</span> <span class='ocrx_word' id='word_1_12' title='bbox 726 353 888 417; x_wconf 78' lang='lat' dir='ltr'>iustificati</span> <span class='ocrx_word' id='word_1_13' title='bbox 911 368 965 431; x_wconf 89' lang='lat' dir='ltr'>per</span> <span class='ocrx_word' id='word_1_14' title='bbox 990 326 1081 416; x_wconf 74' lang='lat' dir='ltr'>iidem</span> <span class='ocrx_word' id='word_1_15' title='bbox 1106 398 1118 413; x_wconf 81' lang='grc'>.</span> 
     </span>
     <span class='ocr_line' id='line_1_3' title="bbox 163 459 455 537; baseline 0.003 -17"><span class='ocrx_word' id='word_1_16' title='bbox 163 474 271 537; x_wconf 86' lang='lat' dir='ltr'>pacem</span> <span class='ocrx_word' id='word_1_17' title='bbox 293 459 455 523; x_wconf 88' lang='lat' dir='ltr'>habemus.</span> 
     </span>
    </p>
   </div>
   <div class='ocr_carea' id='block_1_3' title="bbox 154 594 1113 833">
    <p class='ocr_par' dir='ltr' id='par_1_3' title="bbox 154 594 1113 833">
     <span class='ocr_line' id='line_1_4' title="bbox 221 594 1029 708; baseline -0.002 -19"><span class='ocrx_word' id='word_1_18' title='bbox 221 625 431 708; x_wconf 80' lang='lat' dir='ltr'>[Curvaiur</span> <span class='ocrx_word' id='word_1_19' title='bbox 452 634 542 689; x_wconf 82' lang='lat' dir='ltr'>anie</span> <span class='ocrx_word' id='word_1_20' title='bbox 563 626 677 699; x_wconf 86' lang='lat' dir='ltr'>iilud,</span> <span class='ocrx_word' id='word_1_21' title='bbox 699 614 898 697; x_wconf 74' lang='lat' dir='ltr'>ei&#39;adorat</span> <span class='ocrx_word' id='word_1_22' title='bbox 920 594 1029 687; x_wconf 74' lang='lat' dir='ltr'>iilud.</span> 
     </span>
     <span class='ocr_line' id='line_1_5' title="bbox 154 724 1113 833; baseline 0 -16"><span class='ocrx_word' id='word_1_23' title='bbox 154 784 157 792; x_wconf 95' lang='lat'>·</span> <span class='ocrx_word' id='word_1_24' title='bbox 244 756 342 818; x_wconf 84' lang='lat' dir='ltr'>Siuiia</span> <span class='ocrx_word' id='word_1_25' title='bbox 362 756 453 819; x_wconf 86' lang='lat' dir='ltr'>nobis</span> <span class='ocrx_word' id='word_1_26' title='bbox 476 763 507 817; x_wconf 82' lang='lat' dir='ltr'>et</span> <span class='ocrx_word' id='word_1_27' title='bbox 521 740 655 817; x_wconf 78' lang='lat' dir='ltr'>&#39;ridicule</span> <span class='ocrx_word' id='word_1_28' title='bbox 670 754 909 828; x_wconf 87' lang='lat' dir='ltr'>haecvideniur,</span> <span class='ocrx_word' id='word_1_29' title='bbox 931 754 989 816; x_wconf 87' lang='lat' dir='ltr'>sed</span> <span class='ocrx_word' id='word_1_30' title='bbox 1009 755 1080 833; x_wconf 84' lang='lat' dir='ltr'>quid</span> <span class='ocrx_word' id='word_1_31' title='bbox 1109 724 1113 735; x_wconf 40' lang='grc' dir='ltr'>Ι</span> 
     </span>
    </p>
   </div>
   <div class='ocr_carea' id='block_1_4' title="bbox 62 855 1079 939">
    <p class='ocr_par' dir='ltr' id='par_1_4' title="bbox 62 855 1079 939">
     <span class='ocr_line' id='line_1_6' title="bbox 62 855 1079 939; baseline 0.002 -18"><span class='ocrx_word' id='word_1_32' title='bbox 62 880 64 884; x_wconf 65' lang='grc'>’</span> <span class='ocrx_word' id='word_1_33' title='bbox 160 861 242 922; x_wconf 90' lang='lat' dir='ltr'>aliud</span> <span class='ocrx_word' id='word_1_34' title='bbox 256 858 335 922; x_wconf 84' lang='lat' dir='ltr'>iacri</span> <span class='ocrx_word' id='word_1_35' title='bbox 356 862 387 925; x_wconf 92' lang='lat' dir='ltr'>S</span> <span class='ocrx_word' id='word_1_36' title='bbox 409 861 633 939; x_wconf 80' lang='lat' dir='ltr'>Hieronymus,</span> <span class='ocrx_word' id='word_1_37' title='bbox 646 861 719 923; x_wconf 91' lang='lat' dir='ltr'>dum</span> <span class='ocrx_word' id='word_1_38' title='bbox 739 855 927 927; x_wconf 70' lang='lat' dir='ltr'>duodenum</span> <span class='ocrx_word' id='word_1_39' title='bbox 948 862 1079 938; x_wconf 83' lang='lat' dir='ltr'>ligneam</span> 
     </span>
    </p>
   </div>
   <div class='ocr_carea' id='block_1_5' title="bbox 159 966 1111 1256">
    <p class='ocr_par' dir='ltr' id='par_1_5' title="bbox 159 966 1111 1256">
     <span class='ocr_line' id='line_1_7' title="bbox 161 966 1109 1046; baseline -0.002 -17"><span class='ocrx_word' id='word_1_40' title='bbox 161 969 287 1030; x_wconf 88' lang='lat' dir='ltr'>erucem&#39;</span> <span class='ocrx_word' id='word_1_41' title='bbox 306 967 544 1046; x_wconf 80' lang='lat' dir='ltr'>adorarijubei?</span> <span class='ocrx_word' id='word_1_42' title='bbox 565 966 642 1042; x_wconf 82' lang='lat' dir='ltr'>Quid</span> <span class='ocrx_word' id='word_1_43' title='bbox 665 967 745 1030; x_wconf 89' lang='lat' dir='ltr'>aliud</span> <span class='ocrx_word' id='word_1_44' title='bbox 760 968 831 1029; x_wconf 81' lang='lat' dir='ltr'>iacit</span> <span class='ocrx_word' id='word_1_45' title='bbox 844 968 1076 1037; x_wconf 77' lang='lat' dir='ltr'>Franciscanus,</span> <span class='ocrx_word' id='word_1_46' title='bbox 1105 1020 1109 1037; x_wconf 83' lang='lat'><strong>,</strong></span> 
     </span>
     <span class='ocr_line' id='line_1_8' title="bbox 161 1058 1077 1152; baseline -0.001 -18"><span class='ocrx_word' id='word_1_47' title='bbox 161 1074 212 1152; x_wconf 91' lang='lat' dir='ltr'>qui</span> <span class='ocrx_word' id='word_1_48' title='bbox 236 1081 328 1152; x_wconf 77' lang='lat' dir='ltr'>putat.</span> <span class='ocrx_word' id='word_1_49' title='bbox 343 1091 378 1137; x_wconf 89' lang='lat' dir='ltr'>se</span> <span class='ocrx_word' id='word_1_50' title='bbox 400 1058 591 1145; x_wconf 77' lang='lat' dir='ltr'>damnatum,</span> <span class='ocrx_word' id='word_1_51' title='bbox 623 1072 650 1134; x_wconf 91' lang='lat' dir='ltr'>si</span> <span class='ocrx_word' id='word_1_52' title='bbox 681 1090 741 1135; x_wconf 91' lang='lat' dir='ltr'>non</span> <span class='ocrx_word' id='word_1_53' title='bbox 769 1075 908 1151; x_wconf 80' lang='lat' dir='ltr'>cingatur</span> <span class='ocrx_word' id='word_1_54' title='bbox 937 1076 1027 1145; x_wconf 89' lang='lat' dir='ltr'>iune,</span> <span class='ocrx_word' id='word_1_55' title='bbox 1052 1074 1077 1135; x_wconf 85' lang='lat' dir='ltr'>si</span> 
     </span>
     <span class='ocr_line' id='line_1_9' title="bbox 159 1174 1111 1256; baseline 0 -16"><span class='ocrx_word' id='word_1_56' title='bbox 159 1196 219 1242; x_wconf 91' lang='lat' dir='ltr'>non</span> <span class='ocrx_word' id='word_1_57' title='bbox 241 1179 365 1242; x_wconf 82' lang='lat' dir='ltr'>radatur</span> <span class='ocrx_word' id='word_1_58' title='bbox 376 1181 485 1256; x_wconf 82' lang='lat' dir='ltr'>capric</span> <span class='ocrx_word' id='word_1_59' title='bbox 506 1180 532 1241; x_wconf 92' lang='lat' dir='ltr'>si</span> <span class='ocrx_word' id='word_1_60' title='bbox 554 1196 612 1240; x_wconf 93' lang='lat' dir='ltr'>non</span> <span class='ocrx_word' id='word_1_61' title='bbox 631 1179 727 1240; x_wconf 87' lang='lat' dir='ltr'>vesiis</span> <span class='ocrx_word' id='word_1_62' title='bbox 749 1179 873 1242; x_wconf 84' lang='lat' dir='ltr'>sordida</span> <span class='ocrx_word' id='word_1_63' title='bbox 887 1197 959 1241; x_wconf 90' lang='lat' dir='ltr'>eurn</span> <span class='ocrx_word' id='word_1_64' title='bbox 976 1179 1077 1255; x_wconf 73' lang='lat' dir='ltr'>tegat!</span> <span class='ocrx_word' id='word_1_65' title='bbox 1104 1174 1111 1183; x_wconf 82' lang='grc'><strong>“</strong></span> 
     </span>
    </p>
   </div>
   <div class='ocr_carea' id='block_1_6' title="bbox 59 1285 1077 1365">
    <p class='ocr_par' dir='ltr' id='par_1_6' title="bbox 59 1285 1077 1365">
     <span class='ocr_line' id='line_1_10' title="bbox 59 1285 1077 1365; baseline 0.002 -20"><span class='ocrx_word' id='word_1_66' title='bbox 59 1326 66 1336; x_wconf 76' lang='lat'><em>,</em></span> <span class='ocrx_word' id='word_1_67' title='bbox 159 1285 393 1362; x_wconf 79' lang='lat' dir='ltr'>Facereigiiur</span> <span class='ocrx_word' id='word_1_68' title='bbox 416 1285 564 1361; x_wconf 85' lang='lat' dir='ltr'>justitiam</span> <span class='ocrx_word' id='word_1_69' title='bbox 594 1302 632 1346; x_wconf 83' lang='lat' dir='ltr'>ex</span> <span class='ocrx_word' id='word_1_70' title='bbox 661 1285 797 1361; x_wconf 79' lang='lat' dir='ltr'>cingulo,</span> <span class='ocrx_word' id='word_1_71' title='bbox 826 1301 951 1365; x_wconf 81' lang='lat' dir='ltr'>raspm,</span> <span class='ocrx_word' id='word_1_72' title='bbox 984 1293 1077 1357; x_wconf 82' lang='lat' dir='ltr'>vesic,</span> 
     </span>
    </p>
   </div>
   <div class='ocr_carea' id='block_1_7' title="bbox 159 1374 1111 1579">
    <p class='ocr_par' dir='ltr' id='par_1_7' title="bbox 159 1374 1111 1579">
     <span class='ocr_line' id='line_1_11' title="bbox 160 1374 1074 1471; baseline 0.002 -22"><span class='ocrx_word' id='word_1_73' title='bbox 160 1405 199 1449; x_wconf 91' lang='lat' dir='ltr'>an</span> <span class='ocrx_word' id='word_1_74' title='bbox 220 1407 287 1450; x_wconf 90' lang='lat' dir='ltr'>non</span> <span class='ocrx_word' id='word_1_75' title='bbox 302 1392 439 1452; x_wconf 74' lang='lat' dir='ltr'>extrema</span> <span class='ocrx_word' id='word_1_76' title='bbox 459 1392 584 1453; x_wconf 83' lang='lat' dir='ltr'>siuiiiiia</span> <span class='ocrx_word' id='word_1_77' title='bbox 606 1392 688 1455; x_wconf 84' lang='lat' dir='ltr'>esii·</span> <span class='ocrx_word' id='word_1_78' title='bbox 706 1390 845 1453; x_wconf 85' lang='lat' dir='ltr'>Adorare</span> <span class='ocrx_word' id='word_1_79' title='bbox 866 1407 922 1462; x_wconf 90' lang='lat' dir='ltr'>ea,</span> <span class='ocrx_word' id='word_1_80' title='bbox 951 1409 991 1453; x_wconf 88' lang='lat' dir='ltr'>an</span> <span class='ocrx_word' id='word_1_81' title='bbox 1018 1374 1074 1471; x_wconf 83' lang='lat' dir='ltr'>non</span> 
     </span>
     <span class='ocr_line' id='line_1_12' title="bbox 159 1467 1111 1579; baseline 0.004 -24"><span class='ocrx_word' id='word_1_82' title='bbox 159 1486 295 1556; x_wconf 69' lang='lat' dir='ltr'>extrema</span> <span class='ocrx_word' id='word_1_83' title='bbox 316 1502 365 1556; x_wconf 85' lang='lat' dir='ltr'>esi</span> <span class='ocrx_word' id='word_1_84' title='bbox 385 1494 553 1575; x_wconf 72' lang='lat' dir='ltr'>impietas?</span> <span class='ocrx_word' id='word_1_85' title='bbox 589 1500 629 1559; x_wconf 90' lang='grc' dir='ltr'>Αι</span> <span class='ocrx_word' id='word_1_86' title='bbox 651 1493 762 1574; x_wconf 77' lang='lat' dir='ltr'>negant</span> <span class='ocrx_word' id='word_1_87' title='bbox 783 1512 819 1558; x_wconf 92' lang='lat' dir='ltr'>se</span> <span class='ocrx_word' id='word_1_88' title='bbox 841 1467 986 1579; x_wconf 75' lang='lat' dir='ltr'>adorare,</span> <span class='ocrx_word' id='word_1_89' title='bbox 1016 1495 1072 1559; x_wconf 91' lang='lat' dir='ltr'>imo</span> <span class='ocrx_word' id='word_1_90' title='bbox 1089 1494 1111 1561; x_wconf 82' lang='grc'>,’</span> 
     </span>
    </p>
   </div>
   <div class='ocr_carea' id='block_1_8' title="bbox 47 1601 1072 1786">
    <p class='ocr_par' dir='ltr' id='par_1_8' title="bbox 47 1601 1072 1786">
     <span class='ocr_line' id='line_1_13' title="bbox 51 1601 1072 1693; baseline 0.004 -32"><span class='ocrx_word' id='word_1_91' title='bbox 51 1616 54 1621; x_wconf 95' lang='grc'><strong><em>·</em></strong></span> <span class='ocrx_word' id='word_1_92' title='bbox 158 1601 433 1693; x_wconf 66' lang='lat' dir='ltr'>immundorum,</span> <span class='ocrx_word' id='word_1_93' title='bbox 461 1619 530 1664; x_wconf 86' lang='lat' dir='ltr'>cunr</span> <span class='ocrx_word' id='word_1_94' title='bbox 565 1603 704 1665; x_wconf 81' lang='lat' dir='ltr'>credunt:</span> <span class='ocrx_word' id='word_1_95' title='bbox 748 1604 847 1664; x_wconf 86' lang='lat' dir='ltr'>Deum</span> <span class='ocrx_word' id='word_1_96' title='bbox 879 1603 949 1664; x_wconf 88' lang='lat' dir='ltr'>iiias</span> <span class='ocrx_word' id='word_1_97' title='bbox 978 1619 1072 1679; x_wconf 81' lang='lat' dir='ltr'>nugas</span> 
     </span>
     <span class='ocr_line' id='line_1_14' title="bbox 47 1709 1068 1786; baseline 0.003 -18"><span class='ocrx_word' id='word_1_98' title='bbox 47 1769 49 1775; x_wconf 82' lang='grc'>,</span> <span class='ocrx_word' id='word_1_99' title='bbox 158 1709 327 1784; x_wconf 82' lang='lat' dir='ltr'>respicere,</span> <span class='ocrx_word' id='word_1_100' title='bbox 359 1716 388 1769; x_wconf 84' lang='lat' dir='ltr'>ei</span> <span class='ocrx_word' id='word_1_101' title='bbox 411 1710 532 1786; x_wconf 84' lang='lat' dir='ltr'>placere</span> <span class='ocrx_word' id='word_1_102' title='bbox 552 1710 625 1771; x_wconf 89' lang='lat' dir='ltr'>Deo.</span> <span class='ocrx_word' id='word_1_103' title='bbox 669 1709 735 1769; x_wconf 85' lang='lat' dir='ltr'>Hoc</span> <span class='ocrx_word' id='word_1_104' title='bbox 756 1717 856 1770; x_wconf 84' lang='lat' dir='ltr'>auiam</span> <span class='ocrx_word' id='word_1_105' title='bbox 880 1716 929 1770; x_wconf 85' lang='lat' dir='ltr'>esi</span> <span class='ocrx_word' id='word_1_106' title='bbox 952 1709 1068 1786; x_wconf 84' lang='lat' dir='ltr'>proprie</span> 
     </span>
    </p>
   </div>
   <div class='ocr_carea' id='block_1_9' title="bbox 84 1813 1071 2006">
    <p class='ocr_par' dir='ltr' id='par_1_9' title="bbox 84 1813 1071 2002">
     <span class='ocr_line' id='line_1_15' title="bbox 158 1813 1071 1893; baseline 0.004 -20"><span class='ocrx_word' id='word_1_107' title='bbox 158 1822 263 1874; x_wconf 77' lang='lat' dir='ltr'>contra</span> <span class='ocrx_word' id='word_1_108' title='bbox 286 1814 415 1891; x_wconf 90' lang='lat' dir='ltr'>primum</span> <span class='ocrx_word' id='word_1_109' title='bbox 439 1814 736 1892; x_wconf 56' lang='lat' dir='ltr'>praecepiumeron</span> <span class='ocrx_word' id='word_1_110' title='bbox 759 1813 890 1877; x_wconf 87' lang='lat' dir='ltr'>habebis</span> <span class='ocrx_word' id='word_1_111' title='bbox 908 1815 987 1893; x_wconf 75' lang='lat' dir='ltr'>deos</span> <span class='ocrx_word' id='word_1_112' title='bbox 1004 1815 1071 1877; x_wconf 87' lang='lat' dir='ltr'>alic·</span> 
     </span>
     <span class='ocr_line' id='line_1_16' title="bbox 84 1900 1069 2006; baseline 0 -26"><span class='ocrx_word' id='word_1_113' title='bbox 84 1996 87 2002; x_wconf 21' lang='grc' dir='ltr'><strong><em>ι</em></strong></span> <span class='ocrx_word' id='word_1_114' title='bbox 157 1936 223 1981; x_wconf 88' lang='grc' dir='ltr'>ιιοε.</span> <span class='ocrx_word' id='word_1_115' title='bbox 255 1918 398 2006; x_wconf 59' lang='lat' dir='ltr'>&amp;radere</span> <span class='ocrx_word' id='word_1_116' title='bbox 418 1920 496 1981; x_wconf 88' lang='lat' dir='ltr'>eninr</span> <span class='ocrx_word' id='word_1_117' title='bbox 529 1922 613 1998; x_wconf 88' lang='lat' dir='ltr'>quod</span> <span class='ocrx_word' id='word_1_118' title='bbox 642 1920 817 1997; x_wconf 80' lang='lat' dir='ltr'>hrrjusmodi</span> <span class='ocrx_word' id='word_1_119' title='bbox 839 1900 987 1998; x_wconf 80' lang='lat' dir='ltr'>operibus</span> <span class='ocrx_word' id='word_1_120' title='bbox 1010 1920 1069 1997; x_wconf 86' lang='lat' dir='ltr'>pia-</span> 
     </span>
    </p>
   </div>
   <div class='ocr_carea' id='block_1_10' title="bbox 74 2026 1071 2104">
    <p class='ocr_par' dir='ltr' id='par_1_10' title="bbox 74 2026 1071 2104">
     <span class='ocr_line' id='line_1_17' title="bbox 74 2026 1071 2104; baseline 0 -17"><span class='ocrx_word' id='word_1_121' title='bbox 74 2054 78 2061; x_wconf 94' lang='lat'>·</span> <span class='ocrx_word' id='word_1_122' title='bbox 159 2034 244 2087; x_wconf 83' lang='lat' dir='ltr'>cetur</span> <span class='ocrx_word' id='word_1_123' title='bbox 263 2027 361 2096; x_wconf 89' lang='lat' dir='ltr'>Deus,</span> <span class='ocrx_word' id='word_1_124' title='bbox 394 2033 443 2087; x_wconf 75' lang='grc' dir='ltr'>εει</span> <span class='ocrx_word' id='word_1_125' title='bbox 469 2026 583 2104; x_wconf 81' lang='lat' dir='ltr'>fingere</span> <span class='ocrx_word' id='word_1_126' title='bbox 610 2034 641 2088; x_wconf 82' lang='lat' dir='ltr'>ei</span> <span class='ocrx_word' id='word_1_127' title='bbox 667 2030 797 2103; x_wconf 77' lang='lat' dir='ltr'>formare</span> <span class='ocrx_word' id='word_1_128' title='bbox 826 2027 957 2096; x_wconf 87' lang='lat' dir='ltr'>idolum,</span> <span class='ocrx_word' id='word_1_129' title='bbox 990 2035 1021 2087; x_wconf 85' lang='lat' dir='ltr'>ci</span> <span class='ocrx_word' id='word_1_130' title='bbox 1044 2027 1071 2087; x_wconf 91' lang='lat' dir='ltr'>id</span> 
     </span>
    </p>
   </div>
   <div class='ocr_carea' id='block_1_11' title="bbox 157 2104 1072 2316">
    <p class='ocr_par' dir='ltr' id='par_1_11' title="bbox 157 2104 1072 2316">
     <span class='ocr_line' id='line_1_18' title="bbox 159 2104 1072 2212; baseline 0 -20"><span class='ocrx_word' id='word_1_131' title='bbox 159 2134 267 2193; x_wconf 89' lang='lat' dir='ltr'>colere</span> <span class='ocrx_word' id='word_1_132' title='bbox 312 2106 411 2194; x_wconf 84' lang='lat' dir='ltr'>Verus</span> <span class='ocrx_word' id='word_1_133' title='bbox 434 2133 513 2193; x_wconf 90' lang='lat' dir='ltr'>onim</span> <span class='ocrx_word' id='word_1_134' title='bbox 534 2132 646 2197; x_wconf 79' lang='lat' dir='ltr'>Deus</span> <span class='ocrx_word' id='word_1_135' title='bbox 638 2149 665 2194; x_wconf 90' lang='lat' dir='ltr'>rs</span> <span class='ocrx_word' id='word_1_136' title='bbox 687 2140 754 2208; x_wconf 83' lang='lat' dir='ltr'>esi,</span> <span class='ocrx_word' id='word_1_137' title='bbox 782 2134 821 2195; x_wconf 92' lang='lat' dir='ltr'>de</span> <span class='ocrx_word' id='word_1_138' title='bbox 842 2148 905 2212; x_wconf 92' lang='lat' dir='ltr'>quo</span> <span class='ocrx_word' id='word_1_139' title='bbox 928 2104 1072 2211; x_wconf 75' lang='lat' dir='ltr'>scriptum</span> 
     </span>
     <span class='ocr_line' id='line_1_19' title="bbox 157 2235 765 2316; baseline 0.002 -17"><span class='ocrx_word' id='word_1_140' title='bbox 157 2246 220 2300; x_wconf 84' lang='lat' dir='ltr'>esi·</span> <span class='ocrx_word' id='word_1_141' title='bbox 243 2237 329 2303; x_wconf 86' lang='lat' dir='ltr'>Oouii</span> <span class='ocrx_word' id='word_1_142' title='bbox 352 2235 394 2299; x_wconf 85' lang='lat' dir='ltr'>iui</span> <span class='ocrx_word' id='word_1_143' title='bbox 417 2238 584 2316; x_wconf 79' lang='lat' dir='ltr'>respiciunt</span> <span class='ocrx_word' id='word_1_144' title='bbox 604 2237 704 2300; x_wconf 87' lang='lat' dir='ltr'>fidem.</span> <span class='ocrx_word' id='word_1_145' title='bbox 762 2308 765 2313; x_wconf 21' lang='lat'><strong>¹</strong></span> 
     </span>
    </p>
   </div>
   <div class='ocr_carea' id='block_1_12' title="bbox 262 2400 1030 2497">
    <p class='ocr_par' dir='ltr' id='par_1_12' title="bbox 262 2400 1030 2497">
     <span class='ocr_line' id='line_1_20' title="bbox 262 2400 1030 2497; baseline -0.001 -31"><span class='ocrx_word' id='word_1_146' title='bbox 262 2400 972 2497; x_wconf 80' lang='lat' dir='ltr'>Nescierunine&#39;queiniciiexeruni.</span> <span class='ocrx_word' id='word_1_147' title='bbox 1026 2427 1030 2441; x_wconf 93' lang='lat'><em>·</em></span> 
     </span>
    </p>
   </div>
   <div class='ocr_carea' id='block_1_13' title="bbox 87 2522 1077 2823">
    <p class='ocr_par' dir='ltr' id='par_1_13' title="bbox 87 2522 1077 2823">
     <span class='ocr_line' id='line_1_21' title="bbox 241 2522 1077 2612; baseline 0.001 -19"><span class='ocrx_word' id='word_1_148' title='bbox 241 2534 346 2611; x_wconf 87' lang='lat' dir='ltr'>Neque</span> <span class='ocrx_word' id='word_1_149' title='bbox 367 2533 482 2607; x_wconf 80' lang='lat' dir='ltr'>sciunt,</span> <span class='ocrx_word' id='word_1_150' title='bbox 514 2534 586 2612; x_wconf 90' lang='lat' dir='ltr'>quis</span> <span class='ocrx_word' id='word_1_151' title='bbox 614 2535 654 2596; x_wconf 85' lang='lat' dir='ltr'>sii</span> <span class='ocrx_word' id='word_1_152' title='bbox 681 2551 773 2595; x_wconf 87' lang='lat' dir='ltr'>verus</span> <span class='ocrx_word' id='word_1_153' title='bbox 795 2535 895 2595; x_wconf 77' lang='lat' dir='ltr'>cuitus</span> <span class='ocrx_word' id='word_1_154' title='bbox 917 2533 991 2603; x_wconf 89' lang='lat' dir='ltr'>Dei,</span> <span class='ocrx_word' id='word_1_155' title='bbox 1025 2522 1077 2594; x_wconf 88' lang='lat' dir='ltr'>rr&#39;e-</span> 
     </span>
     <span class='ocr_line' id='line_1_22' title="bbox 131 2637 1076 2718; baseline -0.003 -16"><span class='ocrx_word' id='word_1_156' title='bbox 131 2637 137 2653; x_wconf 82' lang='lat'>‘</span> <span class='ocrx_word' id='word_1_157' title='bbox 160 2656 222 2717; x_wconf 92' lang='lat' dir='ltr'>que</span> <span class='ocrx_word' id='word_1_158' title='bbox 249 2640 289 2700; x_wconf 86' lang='lat' dir='ltr'>da</span> <span class='ocrx_word' id='word_1_159' title='bbox 316 2641 397 2701; x_wconf 78' lang='lat' dir='ltr'>cuitu</span> <span class='ocrx_word' id='word_1_160' title='bbox 417 2638 470 2699; x_wconf 90' lang='lat' dir='ltr'>Dei</span> <span class='ocrx_word' id='word_1_161' title='bbox 489 2637 627 2715; x_wconf 88' lang='lat' dir='ltr'>judicare</span> <span class='ocrx_word' id='word_1_162' title='bbox 650 2637 836 2718; x_wconf 47' lang='grc' dir='ltr'>ροεειιιιιθ).</span> <span class='ocrx_word' id='word_1_163' title='bbox 879 2642 918 2700; x_wconf 86' lang='grc' dir='ltr'>Αι</span> <span class='ocrx_word' id='word_1_164' title='bbox 940 2638 1076 2715; x_wconf 82' lang='lat' dir='ltr'>cogitare</span> 
     </span>
     <span class='ocr_line' id='line_1_23' title="bbox 87 2722 1077 2823; baseline -0.009 -10"><span class='ocrx_word' id='word_1_165' title='bbox 87 2800 91 2813; x_wconf 89' lang='lat'>.</span> <span class='ocrx_word' id='word_1_166' title='bbox 157 2722 324 2814; x_wconf 77' lang='lat' dir='ltr'>debebant,</span> <span class='ocrx_word' id='word_1_167' title='bbox 353 2746 613 2823; x_wconf 84' lang='lat' dir='ltr'>quemadmodum</span> <span class='ocrx_word' id='word_1_168' title='bbox 649 2745 787 2822; x_wconf 80' lang='lat' dir='ltr'>iignum,</span> <span class='ocrx_word' id='word_1_169' title='bbox 815 2745 898 2822; x_wconf 88' lang='lat' dir='ltr'>quod</span> <span class='ocrx_word' id='word_1_170' title='bbox 923 2744 1077 2805; x_wconf 87' lang='lat' dir='ltr'>comburi-</span> 
     </span>
    </p>
   </div>
   <div class='ocr_carea' id='block_1_14' title="bbox 55 2834 1115 2930">
    <p class='ocr_par' dir='ltr' id='par_1_14' title="bbox 55 2834 1115 2930">
     <span class='ocr_line' id='line_1_24' title="bbox 55 2834 1115 2930; baseline -0.003 -17"><span class='ocrx_word' id='word_1_171' title='bbox 55 2842 59 2851; x_wconf 88' lang='grc'>’</span> <span class='ocrx_word' id='word_1_172' title='bbox 89 2834 100 2863; x_wconf 71' lang='lat'><strong><em>⁵</em></strong></span> <span class='ocrx_word' id='word_1_173' title='bbox 157 2859 212 2924; x_wconf 80' lang='lat' dir='ltr'>tur,</span> <span class='ocrx_word' id='word_1_174' title='bbox 235 2870 294 2914; x_wconf 92' lang='lat' dir='ltr'>non</span> <span class='ocrx_word' id='word_1_175' title='bbox 317 2851 474 2923; x_wconf 74' lang='lat' dir='ltr'>miliens,</span> <span class='ocrx_word' id='word_1_176' title='bbox 496 2851 828 2930; x_wconf 79' lang='lat' dir='ltr'>nequeJusiifioai,iia</span> <span class='ocrx_word' id='word_1_177' title='bbox 849 2867 907 2912; x_wconf 88' lang='lat' dir='ltr'>nec</span> <span class='ocrx_word' id='word_1_178' title='bbox 926 2849 1077 2928; x_wconf 86' lang='lat' dir='ltr'>reliquam</span> <span class='ocrx_word' id='word_1_179' title='bbox 1112 2849 1115 2853; x_wconf 86' lang='grc'><strong><em>’</em></strong></span> 
     </span>
    </p>
   </div>
   <div class='ocr_carea' id='block_1_15' title="bbox 147 2938 1079 3143">
    <p class='ocr_par' dir='ltr' id='par_1_15' title="bbox 147 2938 1079 3143">
     <span class='ocr_line' id='line_1_25' title="bbox 156 2938 1079 3055; baseline -0.002 -38"><span class='ocrx_word' id='word_1_180' title='bbox 156 2958 229 3035; x_wconf 79' lang='lat' dir='ltr'>ligni</span> <span class='ocrx_word' id='word_1_181' title='bbox 251 2965 387 3036; x_wconf 80' lang='lat' dir='ltr'>pariam,</span> <span class='ocrx_word' id='word_1_182' title='bbox 409 2975 448 3018; x_wconf 88' lang='lat' dir='ltr'>ex</span> <span class='ocrx_word' id='word_1_183' title='bbox 471 2975 532 3036; x_wconf 89' lang='lat' dir='ltr'>qua</span> <span class='ocrx_word' id='word_1_184' title='bbox 554 2938 668 3021; x_wconf 78' lang='lat' dir='ltr'>idolum</span> <span class='ocrx_word' id='word_1_185' title='bbox 689 2959 849 3028; x_wconf 74' lang='lat' dir='ltr'>formatur,</span> <span class='ocrx_word' id='word_1_186' title='bbox 871 2973 946 3017; x_wconf 89' lang='lat' dir='ltr'>esse</span> <span class='ocrx_word' id='word_1_187' title='bbox 969 2956 1079 3055; x_wconf 35' lang='lat' dir='ltr'>Deum..</span> 
     </span>
     <span class='ocr_line' id='line_1_26' title="bbox 147 3061 1077 3143; baseline -0.003 -19"><span class='ocrx_word' id='word_1_188' title='bbox 147 3064 209 3127; x_wconf 81' lang='lat' dir='ltr'>-Sic</span> <span class='ocrx_word' id='word_1_189' title='bbox 242 3062 412 3125; x_wconf 85' lang='lat' dir='ltr'>monachus</span> <span class='ocrx_word' id='word_1_190' title='bbox 446 3080 506 3125; x_wconf 92' lang='lat' dir='ltr'>non</span> <span class='ocrx_word' id='word_1_191' title='bbox 535 3062 663 3140; x_wconf 78' lang='lat' dir='ltr'>cogitat.</span> <span class='ocrx_word' id='word_1_192' title='bbox 704 3063 787 3141; x_wconf 88' lang='lat' dir='ltr'>quod</span> <span class='ocrx_word' id='word_1_193' title='bbox 816 3061 1077 3143; x_wconf 88' lang='lat' dir='ltr'>quemadmodum</span> 
     </span>
    </p>
   </div>
   <div class='ocr_carea' id='block_1_16' title="bbox 52 3168 1077 3259">
    <p class='ocr_par' dir='ltr' id='par_1_16' title="bbox 52 3168 1077 3259">
     <span class='ocr_line' id='line_1_27' title="bbox 52 3168 1077 3259; baseline 0 -30"><span class='ocrx_word' id='word_1_194' title='bbox 52 3188 69 3259; x_wconf 49' lang='lat' dir='ltr'>J</span> <span class='ocrx_word' id='word_1_195' title='bbox 156 3186 276 3246; x_wconf 88' lang='lat' dir='ltr'>pannus</span> <span class='ocrx_word' id='word_1_196' title='bbox 298 3169 327 3227; x_wconf 93' lang='lat' dir='ltr'>in</span> <span class='ocrx_word' id='word_1_197' title='bbox 349 3185 440 3230; x_wconf 87' lang='lat' dir='ltr'>curru</span> <span class='ocrx_word' id='word_1_198' title='bbox 461 3187 520 3232; x_wconf 92' lang='lat' dir='ltr'>non</span> <span class='ocrx_word' id='word_1_199' title='bbox 539 3168 715 3245; x_wconf 79' lang='lat' dir='ltr'>Jusiiiiiicai,</span> <span class='ocrx_word' id='word_1_200' title='bbox 738 3169 784 3228; x_wconf 91' lang='lat' dir='ltr'>sic</span> <span class='ocrx_word' id='word_1_201' title='bbox 805 3184 862 3227; x_wconf 86' lang='lat' dir='ltr'>nec</span> <span class='ocrx_word' id='word_1_202' title='bbox 882 3184 1005 3244; x_wconf 89' lang='lat' dir='ltr'>pannus</span> <span class='ocrx_word' id='word_1_203' title='bbox 1023 3185 1077 3229; x_wconf 92' lang='lat' dir='ltr'>cu·</span> 
     </span>
    </p>
   </div>
   <div class='ocr_carea' id='block_1_17' title="bbox 125 3264 1119 3670">
    <p class='ocr_par' dir='ltr' id='par_1_17' title="bbox 125 3264 1119 3670">
     <span class='ocr_line' id='line_1_28' title="bbox 158 3264 1077 3357; baseline -0.002 -22"><span class='ocrx_word' id='word_1_204' title='bbox 158 3276 225 3335; x_wconf 86' lang='lat' dir='ltr'>colii</span> <span class='ocrx_word' id='word_1_205' title='bbox 244 3273 398 3350; x_wconf 68' lang='lat' dir='ltr'>justifica</span> <span class='ocrx_word' id='word_1_206' title='bbox 420 3276 501 3354; x_wconf 90' lang='lat' dir='ltr'>quod</span> <span class='ocrx_word' id='word_1_207' title='bbox 524 3276 702 3357; x_wconf 74' lang='lat' dir='ltr'>sicuidunis,</span> <span class='ocrx_word' id='word_1_208' title='bbox 725 3290 787 3352; x_wconf 87' lang='lat' dir='ltr'>quo</span> <span class='ocrx_word' id='word_1_209' title='bbox 810 3274 949 3349; x_wconf 78' lang='lat' dir='ltr'>alligatur</span> <span class='ocrx_word' id='word_1_210' title='bbox 966 3264 1077 3354; x_wconf 77' lang='lat' dir='ltr'>equae,</span> 
     </span>
     <span class='ocr_line' id='line_1_29' title="bbox 157 3378 1119 3459; baseline -0.001 -19"><span class='ocrx_word' id='word_1_211' title='bbox 157 3396 217 3440; x_wconf 90' lang='lat' dir='ltr'>non</span> <span class='ocrx_word' id='word_1_212' title='bbox 236 3378 397 3455; x_wconf 82' lang='lat' dir='ltr'>justificat,</span> <span class='ocrx_word' id='word_1_213' title='bbox 418 3381 460 3441; x_wconf 83' lang='lat' dir='ltr'>iia</span> <span class='ocrx_word' id='word_1_214' title='bbox 481 3399 538 3443; x_wconf 91' lang='lat' dir='ltr'>nec</span> <span class='ocrx_word' id='word_1_215' title='bbox 555 3381 701 3459; x_wconf 81' lang='lat' dir='ltr'>Jusiificei</span> <span class='ocrx_word' id='word_1_216' title='bbox 722 3380 810 3450; x_wconf 82' lang='lat' dir='ltr'>funis,</span> <span class='ocrx_word' id='word_1_217' title='bbox 832 3396 893 3456; x_wconf 89' lang='lat' dir='ltr'>quo</span> <span class='ocrx_word' id='word_1_218' title='bbox 916 3395 952 3438; x_wconf 92' lang='lat' dir='ltr'>se</span> <span class='ocrx_word' id='word_1_219' title='bbox 975 3378 1078 3453; x_wconf 82' lang='lat' dir='ltr'>cingit.</span> <span class='ocrx_word' id='word_1_220' title='bbox 1117 3453 1119 3458; x_wconf 21' lang='grc' dir='ltr'>Ι</span> 
     </span>
     <span class='ocr_line' id='line_1_30' title="bbox 157 3483 1076 3569; baseline -0.001 -23"><span class='ocrx_word' id='word_1_221' title='bbox 157 3485 302 3546; x_wconf 87' lang='lat' dir='ltr'>Tribuuni</span> <span class='ocrx_word' id='word_1_222' title='bbox 325 3492 426 3548; x_wconf 77' lang='lat' dir='ltr'>aurem</span> <span class='ocrx_word' id='word_1_223' title='bbox 449 3488 566 3550; x_wconf 90' lang='lat' dir='ltr'>cucuiio</span> <span class='ocrx_word' id='word_1_224' title='bbox 590 3495 620 3548; x_wconf 86' lang='lat' dir='ltr'>ei</span> <span class='ocrx_word' id='word_1_225' title='bbox 641 3486 703 3548; x_wconf 87' lang='lat' dir='ltr'>iuni</span> <span class='ocrx_word' id='word_1_226' title='bbox 721 3483 979 3569; x_wconf 80' lang='lat' dir='ltr'>justificationem,</span> <span class='ocrx_word' id='word_1_227' title='bbox 1001 3486 1076 3562; x_wconf 90' lang='lat' dir='ltr'>quia</span> 
     </span>
     <span class='ocr_line' id='line_1_31' title="bbox 125 3585 1076 3670; baseline -0.002 -18"><span class='ocrx_word' id='word_1_228' title='bbox 125 3615 129 3619; x_wconf 95' lang='lat'>·</span> <span class='ocrx_word' id='word_1_229' title='bbox 158 3598 317 3670; x_wconf 83' lang='lat' dir='ltr'>paconium</span> <span class='ocrx_word' id='word_1_230' title='bbox 347 3606 420 3654; x_wconf 84' lang='lat' dir='ltr'>esse</span> <span class='ocrx_word' id='word_1_231' title='bbox 452 3593 568 3665; x_wconf 84' lang='lat' dir='ltr'>dicuni,</span> <span class='ocrx_word' id='word_1_232' title='bbox 604 3585 901 3667; x_wconf 68' lang='lat' dir='ltr'>Franciscanum**)</span> <span class='ocrx_word' id='word_1_233' title='bbox 923 3588 991 3649; x_wconf 88' lang='lat' dir='ltr'>sine</span> <span class='ocrx_word' id='word_1_234' title='bbox 1022 3596 1076 3650; x_wconf 87' lang='lat' dir='ltr'>cir·</span> 
     </span>
    </p>
   </div>
   <div class='ocr_carea' id='block_1_18' title="bbox 159 3700 369 3716">
    <p class='ocr_par' dir='ltr' id='par_1_18' title="bbox 159 3700 369 3716">
     <span class='ocr_line' id='line_1_32' title="bbox 159 3700 369 3716; baseline -0.014 0"><span class='ocrx_word' id='word_1_235' title='bbox 159 3700 369 3716; x_wconf 47' lang='lat' dir='ltr'><em>w</em></span> 
     </span>
    </p>
   </div>
   <div class='ocr_carea' id='block_1_19' title="bbox 87 3718 1076 3834">
    <p class='ocr_par' dir='ltr' id='par_1_19' title="bbox 87 3718 1076 3834">
     <span class='ocr_line' id='line_1_33' title="bbox 87 3718 1076 3834; baseline -0.015 -11"><span class='ocrx_word' id='word_1_236' title='bbox 87 3767 89 3771; x_wconf 80' lang='grc'><strong>’</strong></span> <span class='ocrx_word' id='word_1_237' title='bbox 145 3822 147 3827; x_wconf 85' lang='grc'>,</span> <span class='ocrx_word' id='word_1_238' title='bbox 226 3763 257 3834; x_wconf 75' lang='grc'>’)</span> <span class='ocrx_word' id='word_1_239' title='bbox 279 3763 399 3819; x_wconf 72' lang='lat' dir='ltr'>Caeciius</span> <span class='ocrx_word' id='word_1_240' title='bbox 418 3718 631 3831; x_wconf 69' lang='lat' dir='ltr'>hypocritarum..</span> <span class='ocrx_word' id='word_1_241' title='bbox 644 3755 1076 3828; x_wconf 67' lang='lat' dir='ltr'>‘&#39;JFrrnoimanormidoiniria</span> 
     </span>
    </p>
   </div>
   <div class='ocr_carea' id='block_1_20' title="bbox 744 3946 762 3983">
    <p class='ocr_par' dir='ltr' id='par_1_20' title="bbox 744 3946 762 3983">
     <span class='ocr_line' id='line_1_34' title="bbox 744 3946 762 3983; baseline 0 -19"><span class='ocrx_word' id='word_1_242' title='bbox 744 3946 762 3983; x_wconf 39' lang='lat' dir='ltr'>J</span> 
     </span>
    </p>
   </div>
   <div class='ocr_carea' id='block_1_21' title="bbox 0 0 1134 4170">
    <p class='ocr_par' dir='ltr' id='par_1_21' title="bbox 0 0 1134 4170">
     <span class='ocr_line' id='line_1_35' title="bbox 0 0 1134 4170; baseline 0 1"><span class='ocrx_word' id='word_1_243' title='bbox 0 0 1134 4170; x_wconf 95' lang='lat' dir='ltr'> </span> 
     </span>
    </p>
   </div>
  </div>
 </body>
</html>
