2258 4170
402 62 405 75 Ι
492 107 629 193 ’[ἰειιὶιο.1
798 52 801 59 ι
931 50 1020 188 , 115

98 285 151 361 qui
183 284 275 347 nobis
309 276 458 360 loquitur:
498 259 567 359 'tego
588 267 671 375 'Deus
703 287 848 369 consolor
875 294 921 358 te,
944 280 1018 348 ‘non

100 404 219 460 nurum,
240 406 301 450 non
324 398 491 466 argentum,
513 408 573 452 nen
586 394 690 468 glorio,
712 409 772 453 uon
791 392 937 452 mundus·
953 399 1018 461 ete..
1122 404 1126 411 ’

87 495 155 555 ‘sed
178 494 307 555 verbnm
329 503 360 556 et
382 497 507 572 spiritus
526 514 612 560 mens
634 499 848 560 sustentabunt
864 507 893 559 et
915 499 1018 559 delen·

102 599 174 660 dent
193 605 258 683 te.'
931 688 936 699 Ι

133 711 230 816 ouis
253 749 308 814 tu,
331 749 370 802 ut
392 741 540 805 timeas
563 744 608 804 ob
630 742 788 827 homine
810 726 987 803 mortali?

183 836 287 942 Times
308 868 472 944 hominem,
495 873 588 949 quite
611 877 709 940 terret,
731 871 936 959 quiere'etiem
960 887 1018 930 non

106 964 248 1081 erigeris,
257 992 305 1035 me
327 978 513 1039 ‘consolante
526 973 562 1057 ¹⁸)
573 976 592 1057 i
630 977 713 1036 Deus
748 975 826 1067 enim
857 992 937 1047 sum,
966 975 1017 1051 qui

106 1080 214 1155 impleo
246 1082 363 1142 eoelum
392 1091 423 1142 et
452 1091 576 1154 terrum,
608 1082 649 1141 illi
681 1089 751 1142 sunt
778 1081 879 1142 bullae
905 1097 1018 1173 oquae,

107 1185 217 1258 tineae,
244 1186 373 1262 stipula,
402 1188 494 1259 stillo,
518 1189 642 1255 situlae.
671 1195 854 1247 momentum
877 1193 1017 1255 staterae,

107 1292 213 1369 pulvis,
234 1292 381 1365 incensae
393 1293 501 1369 spinae
516 1300 571 1355 ete
617 1293 804 1367 Dicit·,igitur
818 1309 853 1352 se
876 1293 1017 1352 consolo-
1049 1298 1054 1315 ·

69 1394 193 1473 [torem
224 1413 315 1468 esse,
350 1414 410 1458 non
443 1399 702 1479 perturbatorem
730 1378 916 1473 quemquam
944 1412 1015 1457 earo

106 1510 238 1579 tempore
257 1502 461 1567 tribulationis
484 1506 529 1565 sio
545 1502 675 1578 judicet,
704 1504 760 1564 sed
789 1505 868 1562 male
892 1501 1016 1577 judicat.
1039 1488 1045 1516 ’
1124 1540 1126 1546 <

57 1618 62 1649 '-
104 1606 162 1668 Nou
184 1607 266 1668 enim
289 1615 448 1679 tentamur,
470 1620 504 1668 ut
525 1609 701 1705 tribulemur
715 1616 745 1668 et
765 1623 939 1685 pereamus,
953 1598 1015 1668 sed

57 1702 67 1729 ⁵'
102 1721 131 1774 ut
150 1713 249 1773 virtus
272 1713 359 1774 verbi
381 1715 530 1775 clarescat
551 1721 582 1775 et
603 1713 680 1775 fides
702 1721 829 1785 crescet,
852 1729 939 1790 quae
954 1713 1015 1774 otio

100 1819 323 1895 languesceret.

171 2030 175 2041 ¹
221 1955 380 2019 Oblitus
403 1974 443 2019 es
466 1959 621 2041 Domini
644 1958 815 2019 lactoris
837 1932 899 2018 tui.
1007 1983 1013 2009 ι

179 2084 266 2171 Tuus
287 2085 384 2146 lactor
406 2101 463 2161 ego
485 2103 568 2156 sum,
596 2103 656 2148 non
679 2079 812 2146 carnilex
841 2093 891 2145 nni
914 2092 1015 2156 tortor,

57 2202 59 2213 ·
99 2198 129 2250 et
150 2174 476 2281 tunto‘est'potentiu
504 2208 585 2263 mea,
616 2198 648 2252 ut
670 2193 774 2252 coelos
803 2191 1047 2252 extendumet·

99 2302 213 2355 terram
231 2296 431 2360 fundaverim.
472 2295 538 2359 Non
560 2296 650 2372 igitur
671 2304 727 2373 est,
748 2305 781 2356 ut
803 2304 921 2357 metuas
946 2311 1014 2373 pur·

100 2416 167 2491 pum
197 2401 305 2488 virium
333 2388 361 2462 in
390 2417 439 2462 me
468 2420 539 2464 esse
569 2388 607 2462 nd
640 2408 669 2462 te
691 2398 909 2482 liberandum}
935 2390 1013 2463 'Sed
1070 2406 1073 2413 ’
1100 2418 1108 2439 s

104 2506 150 2567 sio
170 2506 272 2605 fi'upfi
295 2507 419 2568 nimium
441 2515 589 2569 terrentur
611 2507 732 2569 nomine
751 2507 812 2579 Dei,
835 2507 917 2585 impii
941 2524 1014 2584 pree
1122 2580 1124 2589 Ι

107 2614 265 2673 seonn'tate
286 2610 409 2673 nimium
431 2621 633 2674 oontemnunt.
677 2611 747 2672 lude
771 2613 894 2684 accidit,
916 2621 946 2673 ut
969 2612 1013 2672 di·

110 2732 212 2778 versne
225 2716 466 2794 praedicationes
482 2700 671 2779 inveniuntur
685 2719 713 2776 in
737 2692 894 2793 scriptura.
937 2712 1011 2781 Nam

113 2822 288 2898 praedicatio
309 2823 498 2907 remissionis
521 2831 713 2900 peecatorum
731 2823 858 2899 pertinet
879 2825 917 2884 ud
941 2840 1013 2885 eon-

69 2912 73 2919 ’
116 2916 193 2989 tritos
213 2936 240 2989 et
259 2928 435 3016 humiliatos
457 2930 633 3005 erigendos,
667 2929 715 2989 lex
738 2935 838 2989 autem
862 2938 892 2990 et
912 2931 1012 2991 minse
1056 2970 1059 2975 -

119 3032 151 3092 nd
170 3048 290 3095 securos
304 3033 544 3122 contundendos,
565 3050 634 3094 cum
651 3032 763 3116 quibus
778 3020 909 3112 loquitu‘r
928 3036 1012 3099 Deus

119 3143 244 3215 tanquam
267 3138 347 3215 iguis
370 3154 562 3202 consumens.

214 3265 300 3348 [Ubi
324 3280 422 3329 nnnc
443 3276 502 3330 est
522 3264 634 3330 furor
655 3225 901 3329 tribulantis.

187 3395 299 3471 Allegat
331 3396 504 3499 exemplum
540 3394 715 3469 Pharaonis
749 3401 781 3456 et
813 3395 918 3472 populi
957 3396 1012 3458 Ju-

124 3511 309 3529 ψ

94 3652 96 3656 Ι
179 3569 205 3636 ⁸)
223 3537 375 3658 commistio
403 3584 438 3627 ex
467 3569 516 3626 Dei
543 3569 732 3639 omnipotentia
763 3577 852 3622 eontm
878 3568 1009 3623 bominum

59 3718 63 3725 ,
123 3661 215 3718 intorti.

650 3746 853 3813 ‚30-
