2258 4170
371 144 375 157 ¹
463 160 607 221 Enarratio
631 163 742 223 uberior

452 338 497 402 El
519 343 693 404 vocabit.
854 404 869 431 ,

194 445 274 536 Lyra
296 454 424 524 pugnat,
447 449 533 526 quod
554 448 665 527 debeat
686 448 762 524 legi,
796 449 971 520 vocabitur,
1000 460 1024 512 et

112 550 206 614 habet
227 553 453 614 eonsentientes
475 553 663 631 interpretes
689 553 737 617 Et
759 554 866 631 quod
867 556 930 616 siut
952 554 1021 615 haec

109 651 245 727 Messiae
266 658 397 749 uomina,
420 656 553 721 testatur
568 667 599 720 et
620 658 786 744 Giraldalua
809 659 924 722 versio
969 658 1020 720 Sed

109 765 295 826 recentiores
317 763 439 835 iudaei,
461 771 499 826 ut
514 763 593 838 dixi,
622 732 660 826 de
682 763 824 827 Ezechia
844 781 953 865 omnes
975 783 1022 827 ex·

111 877 235 946 ponunt.

189 974 315 1044 Praeter
335 973 395 1037 hos
417 983 601 1037 excaecatos
635 976 830 1038 consentiunt
853 990 963 1037 omnes
986 976 1020 1035 in

110 1082 258 1157 terpretes
286 1080 325 1140 de
346 1080 461 1142 Messio
493 1083 647 1143 salvatore
672 1071 784 1143 uos'tro
807 1080 924 1141 dobere
945 1079 1020 1141 inlel

108 1183 168 1262 ligi.
209 1183 391 1263 Interpret'es
413 1184 492 1246 LXX
513 1187 623 1263 tegunt,
645 1185 731 1262 cujus
753 1186 916 1263 imperium
939 1196 1036 1263 snper

108 1289 270 1353 humerum
293 1289 373 1367 ejus,
391 1299 432 1363 ,el
460 1298 588 1354 vocatur
615 1293 715 1369 magni
744 1272 1019 1368 eonsiliiaugelus,

110 1404 142 1457 ut
165 1396 281 1459 canitur
311 1396 341 1456 in
364 1396 494 1459 introitu.
538 1396 650 1458 Postea
683 1397 799 1458 addunt
828 1397 947 1476 reliqua
974 1416 1034 1471 no,

108 1503 197 1587 mina,
211 1501 424 1574 Admirandus,
446 1500 652 1577 Consiliarius,
668 1503 759 1573 Deus,
783 1503 890 1574 Fortis,
904 1502 1017 1576 Potens,

2 1679 6 1685 .
107 1610 250 1686 princeps
272 1609 367 1685 panis,
387 1615 477 1686 pater
492 1608 582 1681 laturi
605 1609 730 1670 saeculi.
760 1606 797 1671 Et
820 1609 951 1681 additur,
973 1609 1022 1671 ad-

62 1732 67 1745 ·
108 1715 217 1776 ducam
240 1714 319 1773 enim
353 1726 463 1791 pacem
493 1729 587 1792 super
610 1713 776 1791 principes,
812 1722 842 1777 et
864 1716 1020 1777 sanitatem

59 1896 63 1909 Ι
107 1816 145 1882 ei.
189 1818 251 1887 Sed
272 1835 311 1881 ex
331 1817 450 1883 Ebraeo
472 1835 538 1898 non¹
554 1825 656 1897 potest
677 1820 723 1881 sio
745 1821 814 1896 legi.
856 1820 914 1896 Qui
935 1821 1021 1897 igitur

106 1928 221 1994 laetum
243 1923 296 1992 sit,
315 1922 413 2002 pund
442 1924 487 1986 sia
515 1922 641 2002 legerint
662 1931 714 1986 aut
734 1925 938 2000 reddiderint,
973 1935 1022 1989 aut

61 2015 69 2029 '
107 2030 179 2108 quid
209 2026 267 2091 sibi
292 2029 461 2103 voluerint,
502 2031 635 2093 nescio
658 2030 757 2106 Quare
791 2030 931 2108 relinquo
967 2032 1022 2094 isla

13 2217 16 2225 Ι
104 2128 233 2197 llbraeis
256 2133 449 2198 excutienda.
697 2193 699 2197 ,

19 2223 22 2232 ’
189 2240 275 2316 Quod
307 2257 380 2302 vero
412 2237 557 2303 dicitur'
550 2257 579 2301 tn
613 2240 736 2304 Ebraeo
767 2231 845 2318 legi,
891 2190 1022 2303 vocabit

60 2333 64 2339 ’
105 2365 214 2410 nomen
236 2346 317 2423 ejus,
346 2363 406 2408 non
430 2346 587 2407 vocabitur
609 2332 718 2408 nomen
740 2346 822 2422 ejus,
851 2347 954 2409 inanis
976 2355 1021 2409 est

104 2454 256 2516 cavillatio
279 2451 478 2533 damnorum,
512 2458 632 2518 constal
660 2453 739 2512 enim
767 2469 865 2544 saepe
895 2452 1019 2514 verbum

11 2554 14 2559 ’
104 2559 237 2623 activum
260 2557 358 2634 aoaipi
386 2557 527 2633 passive,
557 2573 613 2619 sen
635 2559 737 2636 potins
765 2558 1019 2636 impersonaliter,

103 2672 136 2727 ut
158 2652 271 2729 dabunl
292 2676 484 2731 mensuram,
515 2662 544 2722 id
567 2669 627 2734 est,
656 2663 792 2748 dabitur3
827 2666 875 2726 sio
897 2665 1019 2726 vocabit

102 2748 350 2847 provocabitur.
395 2769 440 2827 Aa
464 2784 589 2845 prorsus
611 2768 755 2831 usitatum
782 2776 843 2841 est,
868 2770 1018 2848 imperso-

102 2877 182 2936 nalia
205 2874 297 2936 etiam
326 2873 435 2935 afferri
455 2891 510 2951 per
532 2875 640 2935 aetiva
686 2873 811 2935 Videtur
839 2882 945 2937 textus
969 2891 1019 2953 per

103 2969 298 3080 punctatores
356 2987 532 3055 corruptus,
593 2980 644 3057 qni
687 2994 740 3056 pro
789 2982 906 3084 templ]
949 2998 1018 3058 pas-

102 3094 171 3155 sivo
203 3077 391 3170 scripserunt
424 3093 535 3204 lt'tpt7
585 3093 661 3154 Nam
683 3093 802 3166 literae,
838 3097 908 3156 sive
952 3096 1015 3156 oum

102 3207 221 3286 punctis
245 3205 313 3266 'sive
334 3206 402 3266 sine
425 3207 543 3282 punctis
566 3207 712 3282 leguntur,
735 3206 863 3268 eaedem
885 3215 971 3280 sunt,
987 3217 1015 3268 et

102 3313 216 3403 optime
238 3318 358 3373 onustat
385 3311 597 3372 Grammatioa.
641 3311 702 3372 Sed
730 3309 840 3387 ludaei
877 3311 1016 3376 homiues

7 3402 12 3414 ¹
102 3417 342 3499 pestilentissimi
364 3432 461 3493 saepe
498 3417 668 3494 depravant
695 3417 918 3495 prophetarum
949 3435 1024 3496 sen-¹

103 3523 212 3585 tentius
235 3523 301 3585 suis
330 3523 451 3599 punctis
477 3530 509 3582 et
532 3522 789 3595 distinctionibus
819 3530 851 3585 et
879 3525 1014 3602 ipsorum

103 3637 228 3706 puncta,
262 3644 342 3705 quae
369 3635 470 3688 tamen
506 3634 576 3690 sunl
606 3644 713 3690 reeens
743 3631 917 3702 inventum,
950 3631 1016 3706 plus

41 3746 45 3753 ⁴
103 3735 207 3796 valiant
231 3735 344 3809 valere,
383 3750 476 3812 quam
506 3734 673 3813 simplicem
688 3743 733 3801 ,et
760 3751 956 3812 germanam,
984 3742 1013 3796 et
