2258 4170
245 70 252 79 θ
334 166 338 173 t
453 118 519 197 Cep.
536 56 588 178 53
611 118 720 187 Esaiae.
923 148 931 209 ss
977 77 1067 175 ι487·

205 274 319 372 Cogito
341 303 458 368 autem,
490 313 527 356 on
556 311 748 372 nonmagna
776 294 854 356 haee
877 293 1045 357 humiliatio

100 403 184 471 est,
218 401 304 479 quod
327 402 474 463 Dominus
497 399 674 489 angelorum
696 399 1044 477 percussussadiliotus

100 508 144 567 et
167 520 294 581 passus
322 508 389 569 esti
427 507 463 568 Et
486 508 628 585 quidem..
661 506 743 589 quod
777 505 1044 571 horribilissimum

74 590 176 685 263,
204 599 360 675 sustinuit
373 614 447 673 iram
470 613 534 676 Dei.
799 680 804 695 J

203 714 307 779 Furor
328 718 407 778 enim
428 718 628 788 iudaeorum,
658 716 780 778 diaboti
801 692 833 778 et
860 717 992 792 gentium
1014 717 1046 779 in

79 819 226 889 ,oeulis
249 807 408 907 impiorum
430 823 503 884 nihii
533 823 616 887 eliud
639 830 702 893 est,
730 826 823 900 quem
845 821 1045 884 instrumenta

104 924 189 999 Dei,
213 928 328 1006 quihus
349 929 417 1011 ipse
430 930 512 991 Deus
527 930 680 1005 percussit
701 934 730 990 et
746 928 864 1005 punivit
878 926 1044 991 Christum.

209 1033 311 1110 Supra
334 1034 456 1094 vocavit
477 1052 546 1095 eum
565 1032 716 1112 propheta
738 1032 940 1095 novissimum
962 1035 1046 1094 viro-

68 1200 78 1209 ,
106 1152 208 1210 num,
231 1146 435 1215 contemptum
458 1147 529 1215 ete„
558 1139 619 1200 Sed
642 1137 692 1199 hio
711 1137 774 1214 jnrn
804 1139 945 1201 videmus
973 1155 1043 1201 eum

85 1259 252 1331 „caesum
274 1252 305 1305 et
327 1262 507 1322 percussum
531 1263 549 1306 a
572 1245 651 1316 Deo,
677 1245 747 1305 ideo
769 1243 903 1316 iudaei,¹
922 1261 992 1306 eum
1014 1222 1046 1313 in

118 1349 407 1430 erueependeret,
439 1348 500 1412 hos
517 1330 710 1412 'sarcasmos
738 1349 866 1424 addunt,
900 1348 932 1409 Si
963 1349 1043 1412 fitius
1076 1338 1079 1342 ἱ

116 1453 178 1515 Dei
200 1434 257 1526 est,
279 1455 447 1527 descendat
468 1455 506 1516 de
528 1472 641 1543 erueer'
661 1450 845 1537 iudicant*)
871 1450 949 1517 enir'n
972 1473 1042 1518 eum

118 1575 252 1637 prorsus
274 1575 293 1621 a
314 1561 378 1622 Deo
401 1561 552 1638 abjectum
575 1577 655 1634 esse,
677 1552 831 1639 siquidem
849 1568 908 1622 tarn
932 1562 1044 1623 misere

120 1664 285 1742 affligatur,
306 1666 473 1745 quodnon
495 1667 655 1735 accideret,
669 1665 737 1728 nisi
759 1666 829 1743 ipse
845 1652 904 1737 has
923 1678 1041 1740 poenas
1067 1730 1071 1744 Ι
1112 1714 1118 1722 .

120 1772 297 1835 meruisset
338 1771 414 1832 Nam
441 1773 610 1835 seeundum
640 1774 739 1848 legem
766 1770 864 1847 Mosis
888 1767 1042 1845 judicatur
1088 1808 1097 1839 ,-

87 1856 319 1957 ‚maledictum
341 1879 393 1956 qui
414 1877 529 1955 pendet
555 1879 586 1938 in
613 1874 705 1950 tigno.
748 1873 841 1950 igitur
860 1876 903 1935 ita
924 1874 1041 1951 eogita-

119 1989 191 2045 runt
212 1981 329 2052 Judaei,
351 1982 521 2046 crucifixus
534 1990 590 2045 est
608 1981 770 2051 Christus,
792 1996 866 2057 ergo
887 1979 1039 2041 maximus

120 2095 153 2149 ot
175 2084 378 2165 biasphemus
400 2089 544 2151 seductor
566 2068 628 2159 est,
654 2089 725 2163 item
748 2087 859 2164 pendet
887 2086 916 2147 in
940 2099 1039 2157 erute,
1114 2104 1119 2109 ·

119 2208 197 2269 ergo
232 2199 280 2254 est
316 2194 508 2261 maledictus.
529 2210 668 2273 uosque
682 2191 867 2269 ,justissime
901 2191 1038 2262 iacimus,

117 2298 296 2377 quod-eum
317 2299 399 2360 eruci
419 2298 574 2362 affiximus
596 2308 652 2361 ete.
734 2352 741 2370 ,
1074 2356 1078 2371 ,

202 2404 246 2464 Its
268 2405 350 2466 Deus
371 2403 500 2465 mirabili
522 2405 649 2466 oonsilio
680 2420 735 2481 per
756 2400 914 2464 bruchium
946 2417 1035 2463 sunm
1086 2426 1089 2431 ·
1112 2426 1115 2431 ¹

115 2508 273 2571 dominum
296 2524 333 2570 ao
352 2509 577 2587 redemptorem
598 2516 735 2591 nostrum
753 2508 861 2577 ‚iesum
875 2505 1036 2578 Christum,

115 2613 360 2691 meledictionem
381 2616 474 2677 totius
507 2615 583 2692 tegis
615 2615 748 2698 sustulit.
770 2612 861 2674 ,Επεὶ
903 2628 1036 2688 persona

67 2788 72 2793 ,
114 2719 281 2780 benedicta
302 2725 332 2779 et
354 2728 476 2791 sancta,
505 2737 542 2782 ae
571 2721 653 2781 nutlo
673 2727 801 2797 peccato
823 2717 1035 2803 contaminata,

115 2825 199 2887 sieut
219 2822 329 2903 Esaias
350 2826 399 2896 uit,
421 2822 581 2902 peceatum
604 2843 663 2886 non
684 2825 762 2895 feeit,
784 2841 840 2885 nee
861 2831 909 2886 est
930 2821 1034 2904 inven-

67 2938 73 2995 .’
115 2937 167 2992 tus
189 2930 329 2991 delusio
352 2936 405 2991 ore
427 2929 503 3005 ejus.
546 2930 624 3007 Ergo
646 2929 718 3011 nituit
742 2931 771 2991 in
793 2946 862 2991 eum
880 2929 960 3004 juris
983 2929 1032 2989 vei

115 3033 188 3107 Lex,
211 3036 364 3097 velmors
386 3034 506 3098 hebuit.

199 3138 261 3201 Sed
283 3156 358 3201 crux
380 3148 410 3201 et
425 3139 612 3219 utilietioper
633 3140 700 3217 ejus
721 3141 921 3203 innocentiam
943 3155 1034 3201 sone·
1082 3137 1083 3142 ’

115 3243 250 3306 titieatee
272 3252 352 3306 sunt.
395 3246 446 3306 Sic
467 3246 495 3305 in
519 3264 553 3308 se
582 3249 651 3322 ipso
674 3248 835 3309 susurravit
857 3246 1032 3306 universam
1061 3270 1065 3284 ·

114 3349 214 3423 tegern
239 3365 308 3410 euru
331 3350 556 3430 ntaledietione‚
588 3367 624 3412 ae
646 3361 820 3428 peceatum,
853 3359 980 3413 mortem
1002 3359 1032 3411 et
1069 3370 1072 3376 ·

107 3454 249 3527 niernum
279 3456 416 3527 sustulit,
450 3456 608 3534 absorpsit
629 3465 659 3517 et
679 3452 823 3529 extinxit,
858 3456 974 3519 Coloss.
996 3446 1026 3519 2.
1119 3514 1122 3529 ,

97 3616 101 3625 ι
123 3604 332 3629 ..ώὴ-

184 3688 209 3756 ⁸)
222 3689 253 3740 ln
274 3687 316 3742 ed.
338 3686 417 3741 toto:
436 3687 547 3758 legitur:
567 3689 696 3743 Indicant.
966 3662 974 3701 *
995 3720 998 3727 ,
1080 3688 1086 3703 ·
