2258 4170
453 206 456 210 ·
512 144 623 248 Esaiae.
658 228 663 247 .
694 168 697 173 ¹
885 255 892 264 „
987 184 1030 253 57
1063 190 1066 205 “

77 365 200 446 ”qmai
216 365 316 430 dieat:
357 366 478 439 credite
498 374 615 441 tantum
643 367 739 430 verbo
766 357 799 430 et
819 350 1033 446 promissioni·

113 474 166 536 bns
186 473 276 535 meis.
298 472 386 551 'Ego
408 474 489 537 enim
511 477 582 538 voto
605 491 664 537 vos
686 475 829 547 liberare,
851 482 883 546 et
902 492 1031 554 possum

113 595 165 642 ros
190 580 335 643 liberare.
378 579 448 667 Non
466 582 569 644 creavi
597 588 723 654 terram,
750 588 784 643 ut
812 589 917 645 vasta.
930 588 1032 657 esset,
1058 590 1080 639 “.

111 685 162 749 aad
184 692 220 748 nt
240 685 407 750 habitetur.
423 686 622 750 .Et·verbum
643 704 745 750 meum
767 686 948 761 esteffieax,
969 690 1030 751 non

72 838 81 855 .-
109 790 188 853 tabet
212 807 282 866 voa,
305 793 366 854 sed
382 784 471 856 'dabit
498 773 570 857 boe
589 793 672 873 quod
701 794 894 872 promittitur.
927 794 1029 877 ,Porro
1099 823 1104 832 ·

96 898 244 975 'intelligo
277 898 329 960 bio
352 915 414 961 uon
443 906 540 962 totum
568 908 715 961 terrarum
744 900 866 974 orbem,
899 900 955 962 sed
979 899 1032 962 Ju-

57 1000 60 1013 '
109 1004 231 1078 dabam,
253 1021 338 1083 quae>
357 1012 447 1067 vasta
469 1011 547 1079 erat,
570 1006 717 1070 translato
738 1004 855 1086 populo
876 1006 906 1068 in
926 1004 1033 1082 Baby·
1058 1004 1074 1058 ·'

57 1094 61 1139 ³
106 1111 218 1175 ionem.
261 1110 339 1188 Quid
375 1108 457 1174 enirn
493 1129 573 1190 opus
602 1119 651 1174 est
678 1112 915 1191 promittere-de
943 1119 1032 1185 terra,
1066 1180 1069 1189 ,

107 1206 276 1294 quaejam
297 1215 473 1281 habitaturi
506 1217 646 1297 intelligit
666 1218 757 1298 igitur
777 1226 898 1281 vastam
920 1225 1031 1280 terram

108 1320 308 1385 iudaeorum.
844 1324 846 1331 ’

240 1509 319 1588 Ego
340 1498 597 1588 Dominusat
618 1530 691 1577 non
712 1520 773 1576 est
793 1513 907 1576 alins.

150 1654 157 1667 ’
192 1639 288 1702 laetat
310 1641 478 1719 potentiam
499 1658 605 1717 auam,
633 1649 678 1711 nt
685 1642 817 1732 nitescat
838 1641 868 1702 in
890 1640 1031 1720 captivo·

57 1772 69 1807 r.
114 1762 179 1809 rum
215 1746 315 1809 oouiis
341 1747 491 1826 potentia
530 1747 777 1828 Babyloniorum.
825 1748 901 1811 Sum
937 1745 1030 1818 Deus,
1070 1816 1082 1844 1

57 1868 59 1899 ῑ
116 1868 202 1915 nemo
232 1853 430 1932 quantumvis
456 1861 567 1932 potens
593 1855 733 1929 resistet,
765 1855 930 1934 quominus
957 1850 1032 1914 flant

116 1973 194 2036 quae
214 1957 369 2036 promitto.

57 2096 61 2137 ³
218 2145 305 2239 'Non
326 2146 362 2209 in
383 2124 620 2213 abscondito
642 2126 804 2213 loeutus
825 2164 917 2212 sum.

192 2272 304 2336 Omnia
339 2276 490 2353 pertinent
523 2277 562 2340 ad
594 2277 819 2341 confirmandas
849 2276 1028 2354 'superiores

114 2381 335 2455 promissiones
357 2381 397 2443 de
414 2380 494 2460 Cyro
515 2390 546 2445 et
566 2384 607 2445 ad
628 2385 790 2462 erigendos
813 2383 932 2445 animos
955 2397 1029 2459 cap·

111 2484 252 2550 tivornm.
295 2486 521 2551 Promissiones
544 2506 647 2564 meaa,
684 2490 797 2569 inquit,
830 2489 1028 2560 stabilientur,

109 2607 168 2652 non
190 2592 271 2653 enim
292 2593 406 2670 toqnor
425 2593 454 2654 in
479 2602 613 2668 ventum,
633 2583 743 2675 ioq'uor
763 2613 824 2658 non
845 2596 875 2659 in
897 2593 1030 2657 abscon·
1108 2644 1110 2651 .

108 2695 225 2770 ditum,
258 2713 317 2760 seu
339 2700 369 2759 in
391 2699 555 2773 desertum,
576 2702 629 2764 ubi
650 2718 740 2764 nemo
760 2702 867 2774 ·audit,
904 2700 960 2762 sed
989 2698 1029 2759 ad
1058 2732 1062 2739 ·

108 2800 261 2875 homines,
284 2804 336 2881 qui
358 2803 408 2867 his
421 2807 679 2885 promissionibus
693 2807 825 2876 erodant.
847 2807 931 2885 apud
948 2820 1029 2885 quos

108 2908 239 2969 verbnm
262 2924 364 2972 meum
385 2913 442 2975 en't
456 2912 575 2996 efficax,
597 2921 627 2975 et
648 2919 732 2975 nerto
744 2911 824 2984 flent,
845 2928 927 2991 quae
947 2928 1029 2974 nuno
1076 2946 1081 2953 ·

106 3012 268 3077 defutura
291 3032 346 3092 per
367 3017 480 3096 Cyrum
501 3019 679 3082 liberatione
702 3004 837 3097 promisi.

215 3200 297 3279 Ego
320 3166 505 3302 Dominus
526 3208 690 3286 loquens
709 3206 916 3285 iustitiam.
955 3257 959 3266 .

91 3387 93 3393 .
186 3329 315 3427 Loquor
331 3330 505 3407 iustitiam.
546 3334 644 3415 Loqui
677 3294 864 3397 autem'iiei
900 3343 950 3398 est
986 3336 1029 3397 ia·
1090 3419 1094 3434 Ι

104 3432 242 3514 rere,*)
272 3435 353 3500 siout
380 3448 428 3502 est
459 3440 489 3502 in
512 3440 640 3502 Genesi:
677 3440 757 3502 Dixit
785 3448 815 3502 et
843 3443 923 3502 iaota
951 3449 1029 3502 snat.

101 3542 180 3604 Dicit
203 3541 314 3618 igitur:
336 3545 402 3607 itae
423 3562 511 3609 meae
523 3545 746 3625 promissiones
768 3545 951 3613 constituent
973 3564 1028 3610 vo·
1057 3558 1061 3565 '

152 3760 189 3835 a)
210 3760 298 3832 naqa
315 3760 367 3816 no
382 3746 427 3818 to
443 3761 542 3817 rasere.
