2258 4170
483 261 486 268 .
518 210 629 273 Esaiae·
794 298 796 302 Ι
1012 201 1036 269 9

134 413 139 422 ·
195 390 303 469 Quare
324 400 411 454 extra
432 389 588 465 Christum
617 388 691 452 nihii
712 399 761 453 est
788 390 846 452 nisi
864 397 1043 466 peceatum„
1124 446 1126 457 ,

106 495 222 560 Moses
237 506 269 560 et
291 515 399 560 omnes
421 499 521 576 leges,
543 503 650 560 omnes
672 498 828 560 doctrinae
853 497 882 557 in
911 495 1034 567 arando,

107 613 237 680 praeter
268 604 351 666 hanc
380 604 490 667 Christi
523 605 705 675 doctrinam,
738 602 809 664 nihii
845 601 958 665 iaciunt
994 599 1034 661 ad

104 708 278 785 justitiam,
300 728 382 793 quae
403 727 507 774 coram
527 710 593 775 Deo
616 713 703 773 vaiet.
789 750 792 757 -

247 866 328 945 Ego
351 869 599 951 apprehendi
617 835 764 930 manum
787 875 903 930 tuam.
975 858 978 865 ’

195 998 272 1059 ideo
294 997 451 1071 videlicet,
480 1000 554 1078 quia
573 999 698 1060 resistet
718 1005 771 1060 tuo
795 997 960 1059 ministerio
983 1013 1033 1058 sa-

111 1111 161 1163 ten
186 1111 218 1164 et
242 1104 377 1166 mundus
398 1121 467 1166 cum
490 1106 571 1167 omni
587 1105 718 1180 justitia,
752 1104 901 1181 potentia,
919 1110 961 1164 et
982 1121 1034 1164 sa·

110 1209 227 1286 pientia
257 1227 325 1271 sua.
368 1211 434 1272 Hoc
458 1208 693 1290 experiemur1)
717 1209 817 1271 hodie.
860 1207 1031 1293 Quadrigas

107 1317 189 1375 enim
213 1317 272 1376 Dei
295 1325 367 1377 sunt
387 1318 481 1388 satus,
503 1317 609 1398 sedin
633 1318 694 1378 tuto
716 1332 878 1399 aquarum,x
896 1317 1031 1383 Abacuc.

105 1418 134 1482 3.
158 1420 350 1483 consolatur
377 1427 477 1511 antem
506 1439 562 1483 nos
591 1421 640 1483 hic
662 1424 765 1495 locus,
797 1421 881 1500 quod
909 1414 1031 1480 manum
1093 1405 1096 1410 ’

105 1524 225 1587 Christi
250 1527 590 1605 apprehenderitDeus
627 1528 693 1588 Hon
707 1528 798 1604 igitur
818 1527 946 1605 primurn
970 1535 1035 1586 sta·

103 1638 250 1705 tuamne
272 1631 357 1712 quod
379 1633 457 1695 haec
480 1633 624 1705 doctrina,
646 1641 880 1715 propterquam
903 1632 1034 1693 mundus

100 1754 165 1798 nos
190 1739 277 1812 odit,
309 1738 418 1802 Christi
448 1741 495 1803 sit.
543 1739 610 1801 Hoc
632 1734 703 1802 oum
731 1746 845 1801 certum
875 1744 938 1810 est,
972 1755 1032 1797 non

101 1843 192 1905 satiet
223 1861 286 1905 nos
317 1844 481 1923 propheta,
516 1814 571 1907 sed
605 1847 810 1925 experiemur,
845 1844 927 1937 qnod
952 1816 1033 1904 heus
1124 1834 1127 1839 ⁴

100 1934 238 2012 manum
261 1948 373 2012 Christi
395 1950 641 2029 apprehenderit,
674 1958 705 2012 et
727 1952 852 2013 verbum
882 1949 1031 2026 evangeiii
1102 1984 1105 1991 ,

100 2057 201 2118 nuliis
238 2055 391 2127 consitiis,
419 2056 551 2127 insidiis
580 2058 660 2118 nulia
681 2058 711 2118 vi
740 2075 796 2119 nec
823 2056 894 2118 doio
923 2056 1033 2132 poterit

102 2157 216 2219 deteri
261 2159 323 2220 Sed
346 2178 405 2223 non
428 2158 556 2240 apparet
576 2162 654 2224 haec
676 2163 881 2242 apprehensio
914 2178 1032 2223 manus.

102 2261 155 2321 Fit
183 2264 294 2356 igitar,
328 2273 362 2328 ut
393 2267 559 2329 adversarii
595 2268 674 2329 hanc
691 2269 875 2345 doctrinam
901 2269 1032 2345 opprimi
1120 2294 1122 2301 v

106 2383 225 2444 posse
245 2369 416 2446 confidant,
453 2381 482 2436 et
510 2392 568 2437 nos
598 2390 652 2452 per
673 2375 874 2461 infirmitatem
896 2391 1032 2436 nonnun-

108 2490 209 2551 quam
234 2477 435 2554 trepidemus

230 2660 234 2664 ·
306 2641 400 2705 Dedi
421 2645 486 2706 te
479 2661 514 2705 m
535 2647 674 2709 foedus
696 2648 865 2725 popuii·

124 2803 131 2809 -
199 2769 261 2830 Ubi
280 2787 355 2848 ergo
376 2781 477 2834 manet
497 2772 609 2836 foedus
624 2774 702 2835 Masi
724 2783 754 2836 et
774 2771 877 2850 tegis?
898 2775 949 2839 Sin
971 2791 1032 2835 uno

115 2850 213 2951 verbp
237 2874 362 2948 haurite
391 2887 421 2940 et
453 2880 582 2956 abrogat
612 2885 706 2940 totam
735 2883 832 2956 tegern
862 2882 1032 2942 cumomni

111 2978 249 3054 justitia,
281 2984 363 3046 cuitu
392 2992 423 3044 et
450 2986 595 3062 operibns
626 2985 703 3046 suis
747 2986 829 3047 Facit
859 2994 960 3048 antem
978 2986 1033 3047 hic
1119 2990 1123 2999 '

59 3138 61 3143 .
112 3087 201 3149 iocus
225 3088 267 3148 ad
289 3090 501 3172 stabiliendam
525 3092 751 3167 conscientiam
793 3093 869 3169 Quia
890 3095 968 3154 enim
987 3094 1032 3181 ni-

112 3192 154 3252 hii
183 3180 380 3271 pestilentius
408 3205 471 3269 est,
507 3212 598 3276 qnam
634 3199 796 3273 scrupulus
828 3199 1032 3293 conscientiae

112 3307 142 3359 et
175 3300 349 3375 dubitatio,
387 3303 455 3365 ideo
490 3303 563 3364 dicit
589 3300 787 3378 Christum*)
818 3320 890 3366 esse
923 3305 1032 3367 foedos

110 3411 353 3477 nostramet
381 3410 492 3471 simus
539 3408 616 3469 certi
649 3409 688 3470 de
728 3390 825 3487 primo
857 3418 1030 3489 praecepto,

111 3511 196 3588 quod
220 3511 347 3572 Deus
339 3530 369 3574 ιιι
391 3490 513 3576 Christo
549 3522 579 3575 et
611 3531 665 3591 per
695 3513 847 3577 christum
879 3519 946 3578 vuit
978 3535 1033 3580 no·

59 3716 63 3769 ξ
182 3683 218 3750 ⁸)
239 3681 370 3736 christiin
381 3659 477 3737 abolita¹
495 3683 556 3753 lege
575 3698 672 3736 aevum
693 3684 787 3738 foedas
805 3687 956 3743 constituet

162 3775 219 3861 Α)
232 3776 267 3826 In
284 3778 348 3828 edit
367 3777 438 3830 1532
453 3778 571 3847 legitor:
589 3782 750 3851 experimur.
814 3846 819 3855 =
