2258 4170
8 238 12 249 ,
121 146 182 241 iiii
449 179 592 239 Enarralio
609 181 757 243 uberior
833 155 880 275 s.

73 358 81 371 ‘
121 357 189 433 legi,
212 346 347 431 diabolo,
368 359 493 431 interno,
515 367 640 454 propter
661 375 720 419 nos
742 358 842 433 lactus
864 362 913 416 est
932 372 1022 423 servus

120 464 207 538 legis.
238 464 288 524 Sic
310 480 368 524 nos
383 463 514 536 Misrahs
528 465 557 525 id
580 473 638 537 est,
660 464 785 524 libertas
801 471 1022 539 sumuspropier

122 571 309 640 servitutem,
331 586 424 646 quarn
447 571 514 647 ipse
537 587 591 646 pro
613 569 705 631 nobis
726 568 868 638 subivit,
874 583 962 644 quarn
979 569 1021 631 iur-

31 707 35 713 ·
121 675 224 751 posuit
246 675 374 737 bucnero
397 692 470 746 suo,
502 683 535 735 ul
556 676 586 735 in
607 691 642 737 se
664 682 795 767 peecata
816 681 848 734 ei
879 684 966 735 onus
980 680 1028 737 no·

120 786 216 840 sirum
238 782 395 863 reciperet.
439 781 491 841 Sic
513 781 647 841 recidit
640 796 670 840 tn
692 779 789 852 idern,
817 775 886 840 sive
908 794 965 855 per
980 738 1020 841 ini

55 910 62 935 t
122 887 246 962 perium
280 885 430 962 accipias
444 885 621 957 eeclesiam,
657 885 726 946 sive
758 885 938 946 libertatem.
975 886 1019 949 lior

70 1016 73 1021 ·
121 1008 229 1052 suenus
251 991 340 1080 liberi
363 1000 392 1051 et
398 990 537 1062 libertas
558 1007 649 1067 reges
662 997 693 1050 et
705 1007 845 1066 regnum
867 989 1018 1055 sacerdotes
1046 1050 1049 1073 Ι

124 1105 155 1157 et
177 1097 398 1165 sacerdotium,
421 1096 476 1156 sed
500 1112 595 1173 super
614 1074 776 1157 humerurn
799 1095 884 1173 ejus,
904 1093 962 1155 boc
978 1106 1017 1172 est

31 1202 33 1207 ’
120 1204 188 1279 ipse
211 1202 328 1279 peperit
349 1201 438 1262 nobis
460 1199 541 1263 banc
561 1202 753 1274 libertatern,
768 1217 920 1281 nonnos.

168 1348 171 1353 -
204 1307 287 1368 Bono
306 1309 398 1378 Deus,
419 1324 511 1385 quarn
529 1310 620 1383 longe
632 1307 785 1368 maximas
797 1323 848 1368 rcs
861 1313 921 1367 tarn
932 1298 1036 1385 paucb'

38 1464 43 1477 ,
122 1404 225 1474 verbis
248 1415 427 1490 complexus
450 1421 498 1474 cst
518 1412 569 1474 hic
600 1411 773 1491 propheta?
804 1430 898 1491 quam
919 1412 1013 1476 ruitabi

120 1521 185 1580 liter
207 1519 359 1597 loquitur?
402 1519 540 1580 Libertas
574 1514 705 1598 (inquit)
742 1518 791 1579 vel
829 1499 1019 1592 regnumne·

121 1641 216 1702 super
240 1624 401 1685 humerum
424 1624 491 1701 ejus
513 1632 570 1686 etc
613 1624 699 1701 Quod
733 1640 792 1685 nos
800 1623 917 1691 multis
936 1626 1009 1691 verbis
991 1645 1025 1691 n.

75 1718 80 1733 '
121 1732 278 1802 docemus
301 1732 329 1791 id
351 1730 402 1793 his
426 1732 549 1807 paucis,
579 1731 634 1792 sed
656 1728 870 1808 pulcherrimis
898 1738 926 1791 et
944 1731 1007 1808 signi

121 1836 329 1898 ficantissirnis
352 1816 665 1912 luculentissimisque
691 1836 795 1897 verbis
818 1837 856 1896 ab
878 1826 964 1896 Esaia
976 1836 1006 1901 liic

120 1944 306 2020 descriptum
329 1949 392 2015 est,
366 1943 580 2013 tvidelicet,
613 1942 694 2029 quod
718 1941 859 2004 Christus
890 1940 960 2003 filius
981 1924 1005 2004 sil

76 2064 80 2070 ’
122 2051 258 2113 salvalor
280 2051 400 2125 generis
422 2018 557 2110 hanani.
599 2048 665 2110 Huc
686 2047 767 2109 enirn
785 2046 1004 2140 omniaulendtut

113 2150 303 2234 'quae'dicit
345 2154 416 2216 Ideo
441 2156 523 2215 venit
543 2153 623 2228 lilius
646 2154 674 2213 in
697 2140 834 2240 carnem,
856 2160 889 2214 nt
909 2169 957 2214 uos
972 2158 1021 2235 ei·-
1047 2184 1049 2223 ς

121 2278 226 2324 semus
248 2262 343 2325 liberi.
368 2260 539 2338 ‘Propheta
559 2259 630 2321 dicit
652 2259 681 2319 id
705 2261 772 2323 suis
794 2258 896 2321 verbis
918 2265 942 2320 et
958 2260 1003 2322 brc-

50 2359 57 2377 '
121 2368 220 2439 viduo,
243 2350 308 2438 ¹sed,
329 2375 362 2428 ut
384 2366 461 2438 dixi,
484 2365 734 2443 significantibus.
778 2364 883 2441 Legite
903 2364 934 2427 it.
951 2365 1004 2426 Pau·

119 2474 180 2554 lum
205 2472 376 2548 diligenter,
399 2473 452 2550 qui
474 2472 606 2533 libenter.
622 2478 651 2532 et
673 2473 799 2533 multum
822 2472 913 2533 utitur
932 2471 1004 2533 verbu

119 2580 229 2639 isaiae
277 2577 344 2638 run
380 2578 457 2638 eninr
474 2578 582 2639 bonus
605 2587 634 2639 et
662 2577 791 2653 diligens
814 2579 929 2640 lsaista.
951 2576 1004 2658 liar

121 2701 229 2754 voces,
261 2683 353 2744 Filius
375 2662 466 2744 datus
495 2690 543 2744 est
565 2684 669 2753 nobis,
698 2683 779 2754 item,
802 2684 1006 2759 libertassupci

41 2798 44 2809 ’
119 2758 319 2848 humerume
302 2787 378 2864 ejus,
402 2789 506 2866 probe
529 2796 562 2850 ul
584 2789 654 2861 dixi,
676 2797 707 2850 et
727 2789 885 2865 diligenter
907 2788 1006 2865 inspexit

119 2901 148 2954 el
171 2894 372 2972 pensiculavit
393 2893 428 2954 [t.
451 2894 579 2969 Paulns,
601 2895 654 2957 ubi
676 2894 718 2955 ait
740 2894 778 2954 ad
802 2874 909 2963 Galat.
919 2891 948 2964 l,
965 2893 1006 2953 lin

65 3079 67 3082 Α
119 2999 291 3061 esseillius
315 2999 410 3059 Sarae
432 3000 559 3073 liberae,
588 3001 720 3080 ideoque
750 3016 809 3061 non
839 2980 949 3059 debere
971 3013 1008 3059 nec

98 3123 214 3183 ,posse
236 3104 345 3180 subjici
367 3104 427 3180 legi
449 3112 503 3166 etc.

201 3211 327 3286 Quando
356 3212 447 3286 igitur
475 3213 554 3271 venit
576 3214 637 3282 lex,
671 3216 845 3271 monstrans
870 3214 1009 3286 peccatum,

117 3326 233 3378 terrens
257 3324 286 3378 et
314 3318 521 3378 condemnans
544 3332 618 3387 nos,
655 3316 725 3375 item
757 3322 914 3391 peccatum
941 3315 1011 3373 inter

99 3428 185 3483 'tans
208 3431 349 3501 mortem,
368 3420 657 3497 possumusdicere,
681 3421 744 3482 Nos
767 3416 1013 3489 sunrusSaraceui,

117 3527 168 3589 filii
191 3536 221 3589 et
242 3529 337 3598 liberi,
360 3508 432 3602 ergo
455 3526 566 3586 nullum
585 3526 637 3602 jus
659 3527 688 3586 in
711 3533 770 3586 nos
791 3525 922 3597 habetis,
942 3538 1028 3593 mon,-

117 3639 290 3710 peccatum,
322 3630 386 3703 lex,
422 3638 526 3700 satan,
560 3648 623 3694 nee
643 3632 773 3709 potestis
794 3642 915 3692 ‘nocere
935 3629 1013 3691 nobis.

116 3739 200 3799 lianc
214 3738 381 3799 libertatem
395 3736 513 3815 peperit
524 3754 600 3814 puer
610 3744 640 3799 et
649 3736 731 3798 lilius
753 3752 810 3815 pro
834 3734 922 3803 nobis
942 3741 1027 3815 natus·¹
