2258 4170
121 178 186 249 m
354 197 358 211 ·
440 183 590 249 unarum
611 181 724 247 uberior
800 187 803 197 '

123 378 222 434 mora,
251 367 425 439 pennatum,
452 364 504 427 tax
524 379 579 442 per
594 362 656 426 noc
678 361 820 433 vebum,
852 359 927 423 Puer
944 370 996 429 natu

121 476 171 531 ert
192 466 291 539 nobie,
310 465 392 539 illiue
412 467 505 531 datur
526 476 575 530 est
595 467 697 531 uobis.
729 466 783 529 Sie
802 465 904 528 omnia
921 467 996 532 mun

122 580 180 637 unt
209 573 240 635 in
272 571 357 637 hune
381 570 491 647 fllium,
526 581 622 639 totum
654 573 764 637 salutis
790 570 996 639 beneficiumi

121 686 282 757 arreptum
303 679 470 743 terendum.

202 784 252 847 Ao
282 782 366 847 nunc
396 785 519 849 modum
547 782 748 847 tractabimus
770 780 854 845 hune
872 786 996 846 textumi

120 890 361 954 annaniationem
395 890 507 964 unetri,
543 897 574 953 et
600 896 634 951 ut
664 887 879 951 mnflsmamus
898 884 996 952 fldem<

120 1011 209 1075 apem
234 1003 381 1062 nostram.
422 998 640 1073 Argumentum
667 994 786 1073 itaque,
820 1000 855 1062 ut
873 992 946 1067 dixi,
972 1012 996 1057 aa

119 1100 307 1180 sabinum,
337 1109 373 1167 ut
390 1100 575 1167 Austotetm
596 1107 701 1173 voeat,
716 1099 720 1105 ’
735 1097 831 1175 hujus
846 1098 917 1171 toni,
944 1114 996 1175 qua

117 1208 310 1281 mactandum
334 1214 367 1273 at
393 1207 607 1284 expltnanuum
629 1204 832 1282 suscipimus,
866 1209 914 1267 est
933 1203 996 1267 dou

118 1313 217 1387 tante,
251 1314 291 1376 de
319 1311 547 1392 tiliop2qni1rit
565 1313 762 1381 reuluturua
781 1325 877 1388 super
897 1308 996 1373 tmnnu

117 1418 217 1483 novio
231 1427 263 1483 et
282 1426 466 1497 regnatum
487 1419 519 1481 in
536 1426 704 1483 aeternum.
736 1417 820 1479 liaeo
841 1422 912 1479 eunt
931 1416 996 1478 oluit

118 1522 200 1585 aimo
220 1523 326 1597 rerba,
345 1539 427 1602 quaa
447 1541 509 1589 non
529 1532 661 1604 possunt
678 1521 854 1585 laboraturi
875 1527 906 1583 et
923 1537 996 1598 negor

117 1627 185 1693 iioo
212 1635 392 1707 argumento
419 1631 538 1709 posito,
571 1632 610 1693 da
639 1632 703 1707 quo
724 1628 835 1691 lisoius
866 1643 920 1704 per
938 1633 996 1689 totu

50 1812 52 1817 Ι
116 1731 228 1795 librom
248 1748 339 1796 snum
356 1737 469 1801 multus
491 1743 523 1799 et
540 1736 689 1815 oopiosun
703 1742 760 1807 eet,
784 1743 814 1797 et
834 1735 933 1796 ionum
951 1731 996 1795 hur

115 1844 205 1901 rente.
231 1839 410 1918 intelligere,
457 1850 490 1905 et
528 1841 769 1907 consolationem
803 1839 875 1901 inde
906 1839 996 1901 solido

116 1944 278 2023 percipere
304 1961 484 2023 possumus.
525 1949 573 2011 Ad
600 1947 683 2010 hune
703 1947 809 2025 itaque
829 1962 970 2023 neopum,
994 1972 996 1999 ι

115 2050 358 2128 propositionem
389 2051 470 2117 hane
496 2053 670 2132 primariam
691 2053 750 2115 loni
771 2050 865 2128 huius
887 2051 996 2114 vonatu‘

115 2160 146 2218 at
177 2171 288 2219 versus
309 2174 418 2222 omnen
439 2166 510 2239 apte
530 2159 697 2238 quadrant,
729 2165 824 2235 atque
845 2158 923 2218 uitro
942 2157 996 2220 otiu

115 2258 247 2324 adhane
267 2264 451 2329 senteutiam
469 2281 505 2349 ne
525 2263 672 2345 applicari
693 2263 859 2342 patiuntur.
890 2261 925 2322 Et
944 2263 996 2341 quii

114 2365 188 2444 quid
220 2368 469 2444 contradicitur,
513 2378 563 2435 aet
583 2371 728 2442 alianum,
761 2370 860 2433 immo
878 2369 996 2433 manifest

4 2478 8 2487 '
111 2470 304 2535 diabolinum

117 2634 120 2641 .
193 2575 231 2639 Et
258 2578 333 2657 quia
360 2588 574 2658 neumatum
602 2599 663 2645 nnn
685 2581 798 2659 patitur
817 2580 880 2644 ieta
902 2579 955 2642 diei
972 2597 996 2643 eu

110 2682 173 2745 ulto
202 2682 294 2745 modo
323 2683 448 2765 intelligi
475 2687 517 2751 de
542 2687 694 2767 corporali
714 2684 819 2764 aliquo
835 2678 930 2764 'huius
948 2685 996 2749 rito

111 2788 327 2866 vel-leupone
350 2802 432 2869 repe,
453 2809 554 2872 neque
574 2793 615 2856 de
636 2793 810 2865 Salomone.
833 2790 996 2870 noquelosit

109 2908 210 2971 neque
231 2893 379 2970 tirocinia,
401 2908 502 2976 neque
521 2899 583 2962 ullo
600 2897 681 2970 alim.
703 2912 778 2974 ergo
800 2897 957 2961 includitur
971 2895 996 2957 nl

109 2996 343 3065 alemannum
365 3010 568 3076 mortuorum,
596 3011 628 3067 at
648 3003 711 3065 viu
733 3010 807 3080 pont
827 3002 908 3065 uana
928 3002 996 3063 vion

139 3105 343 3184 .:.,1>.0puua,
368 3109 482 3186 inquit,¹
511 3108 728 3171 ambulantium
750 3107 781 3169 in
802 3109 934 3171 tenebris
952 3106 996 3169 ridi

3 3218 6 3225 ’
106 3210 215 3277 lunam
243 3228 401 3290 magnam..
419 3254 422 3277 2
443 3211 508 3275 Lux
536 3213 629 3287 haee,
665 3221 699 3277 ut
717 3213 804 3286 :dixu
838 3231 899 3277 nnn
929 3210 996 3292 potu

105 3316 231 3393 intelligi
251 3317 289 3380 de
310 3318 371 3386 han
392 3319 461 3383 luae
482 3321 649 3396 corporali,
682 3320 738 3381 sed
759 3320 800 3383 de
821 3328 953 3389 aeterna.
984 3318 996 3381 i

107 3421 147 3483 da
165 3428 307 3495 namna,
332 3423 529 3507 ergotutum
550 3433 602 3489 eet
620 3423 680 3487 atta
702 3424 777 3497 vita,
799 3432 832 3489 et
851 3441 889 3487 eo
908 3425 996 3489 immor

103 3523 201 3608 tolie-
228 3525 266 3597 Et
290 3528 349 3612 niet
366 3529 423 3597 itta
443 3531 500 3600 lutt-
516 3530 698 3608 intelligatur
718 3531 765 3601 de:
779 3537 919 3604 aeterna,
951 3512 996 3607 pur

105 3637 205 3697 ιιαωι.
225 3639 330 3695 matra
358 3633 440 3703 ime
468 3646 594 3713 regem*
624 3653 694 3704 oum
723 3636 804 3698 enim
827 3644 995 3699 aetemuea

101 3752 172 3810 rer,
208 3752 344 3807 neeesse.
369 3747 423 3810 aut
445 3741 546 3809 ionem
568 3743 651 3805 ittam
677 3757 752 3811 anea
780 3759 912 3822 qunque
930 3749 996 3807 aaa
