2258 4170
75 234 77 239 .
176 165 219 232 82
256 142 281 191 '¹
389 154 483 305 Caput
503 171 748 247 quadragesimum
772 188 895 230 nonum

83 418 85 422 .
182 349 243 410 hac
274 348 371 425 ligura
404 300 549 426 sagittae,
585 351 630 411 sic
659 352 688 410 iu
717 322 847 412 Psalmis
875 310 1020 426 Ephraim
1049 353 1096 408 est

164 470 273 516 arcus
294 455 437 525 dolosus,
467 455 574 526 idest,
583 451 669 516 nihil
698 457 786 526 valet,
813 463 862 516 est
885 453 988 532 quasi
999 441 1095 525 meus,

66 620 70 627 .
178 562 229 639 qui
251 578 310 621 non
322 554 416 633 le‘rlt,
438 567 467 622 et
488 561 599 621 trustra
621 550 798 632 intenditur,
826 567 856 620 et
873 558 997 620 Psalmo
1021 554 1094 619 127:

177 666 265 727 Sicut
289 668 421 743 sagittae
438 666 471 725 -in
495 681 585 728 manu
608 666 749 743 potentis
771 666 813 726 ita
833 664 895 724 filit·
903 663 1044 740 juvenes,
1065 663 1108 724 id·

79 773 86 791 ‘
177 779 241 842 est,
270 762 391 849 polida,
413 781 494 843 quae
516 766 562 833 sic
583 771 727 833 divinitus
750 773 931 844 tortunatur,
959 777 1009 830 est
1029 775 1094 830 tau-

138 866 271 955 'uuam
293 879 413 957 sagitta,
436 893 516 954 quae
538 886 619 967 certo
641 871 787 965 ieritetc.
840 946 846 957 ‚
1101 862 1105 883 ¹

342 1061 511 1145 [Servus
532 1019 640 1125 meus
662 1081 703 1126 es
732 1071 769 1125 tu
790 1064 925 1148 israela
1036 1033 1087 1098 .'‘

257 1161 426 1262 Festinant,
457 1194 536 1253 sicut
556 1193 649 1266 dixi,
664 1193 701 1255 ad
732 1178 938 1255 consulandos
960 1186 1036 1263 nos,
1063 1197 1093 1253 ct

79 1376 84 1383 .
176 1283 644 1383 confirmandnmutsciamus
674 1292 803 1359 verbum
830 1292 1030 1374 cnrisu1')],
1061 1298 1120 1359 cl'

174 1404 256 1482 quod
279 1420 338 1465 nos
361 1420 380 1465 a
402 1402 521 1465 Christo
544 1403 736 1481 accepimus,
765 1412 795 1466 et
823 1404 899 1465 alios
915 1402 1089 1488 ducemus,

27 1489 77 1572 ’μ
100 1583 102 1586 y
127 1583 130 1588 Ι
175 1518 228 1571 aut
250 1510 398 1572 discimus
421 1510 489 1586 ipsi,
511 1510 541 1570 id
567 1507 656 1590 [esse
678 1511 742 1570 neri
757 1510 811 1571 liei
825 1509 963 1580 verbum,
985 1510 1098 1586 quam·'

175 1623 276 1696 quarn¹
290 1624 372 1693 totus
395 1618 528 1679 mundus
550 1618 580 1678 id
597 1622 697 1691 negat,
719 1613 856 1677 offensus
878 1611 998 1688 infirma
1018 1630 1088 1692 spe·

89 1768 92 1780 ,
166 1703 230 1783 'cta
254 1720 453 1784 Commendat
474 1740 598 1802 quoque
617 1722 669 1783 hic
691 1722 779 1782 locus
812 1719 901 1782 nobis
923 1717 1087 1798 pteropho-

173 1828 255 1899 nan,
290 1827 350 1890 hoc
371 1838 428 1902 est,
451 1831 658 1891 certitudinem
682 1827 851 1919 vacationis
892 1813 1088 1907 ndstrae⁸)],

82 1975 87 1986 .
173 1933 259 2011 quod
280 1935 351 1995 dicit
372 1951 406 1996 se
419 1934 563 1996 dviinitus
585 1912 728 1999 vocatum
750 1941 780 1997 et
801 1948 925 1995 servum
938 1925 995 1989 Dei
1018 1943 1087 1990 esse

75 2098 77 2106 .
129 2040 134 2052 '
178 2036 229 2120 [ut
269 2035 431 2117 scilicet²)
466 2019 647 2123 quidquid]-
680 2041 826 2103 docemus
848 2044 902 2100 ant
932 2012 1087 2118 [tacimus

58 2217 61 2227 Ι
130 2169 133 2173 <
170 2145 243 2209 certi
273 2145 371 2209 simus
400 2144 439 2207 de
468 2148 713 2217 reluctaretur,
742 2147 826 2237 quud
854 2141 914 2206 td²
923 2145 936 2222 )
968 2133 1086 2220 placeat
1120 2182 1127 2189 -

172 2250 249 2312 Deo.
291 2252 413 2330 Alioqui
435 2268 541 2313 nemo·
552 2253 581 2314 iu
605 2255 776 2316 calamitate
798 2254 862 2335 vel
853 2224 1099 2312 tentationibus.

97 2378 100 2385 ·
135 2403 141 2418 ,
173 2356 343 2418 subsistere
364 2359 519 2435 poterits
504 2344 537 2441 si
552 2377 611 2420 non
625 2368 726 2421 certus
748 2368 804 2431 est,
826 2374 873 2433 se
883 2355 1029 2417 divinitus
1047 2351 1086 2414 ad
1108 2368 1113 2387 ¹

60 2486 64 2493 ’
171 2461 200 2531 id
232 2459 375 2525 vocatum
403 2462 526 2548 csse]·.'
559 2465 643 2527 Sicut
674 2465 835 2527 Munzerus
867 2478 937 2524 cum
966 2465 1092 2550 praeter

30 2568 65 2591 ·‘
107 2558 109 2562 ’
170 2568 532 2639 vocationemtumultum
556 2571 647 2635 istum
669 2572 815 2651 rusticum
837 2575 1036 2643 concitasset,
1056 2576 1088 2631 et

152 2682 279 2759 'captus
301 2676 331 2735 in
354 2675 473 2737 vincula
496 2675 657 2755 coniectus·
674 2686 772 2748 esset,
801 2669 923 2750 tandem
952 2676 1031 2741 dixit
1050 2691 1087 2738 se

77 2786 91 2868 Ἰ
169 2779 346 2841 curiositate
368 2782 500 2859 quadam
524 2782 686 2865 deceptum
707 2799 786 2856 esse,
807 2802 876 2847 cum
898 2792 992 2849 antea
1013 2780 1087 2842 nihil

61 2908 76 2969 .'
114 2919 118 2924 -
166 2883 224 2945 nisi
238 2866 424 2961 spiritumet
440 2886 628 2950 vocationem
638 2885 797 2965 jactasset
820 2890 950 2965 Quare
942 2907 973 2950 m
990 2895 1087 2950 tenta·

115 2988 253 3052 lione
274 2992 448 3053 firmissima
470 2993 639 3055 consolatio
661 3001 719 3067 cst,
741 2997 776 3056 se
798 3005 941 3057 vocatum
964 2992 1083 3080 esse!

75 3180 79 3185 .
250 3094 481 3177 [Vocatautem
492 3097 645 3159 Christum
669 3088 842 3180 lsrael**)‚
864 3094 937 3179 quia
960 3100 1094 3183 convcl·--

170 3200 214 3261 vit
235 3202 264 3262 in
287 3200 348 3277 hcc
369 3211 596 3266 dementatum
619 3222 744 3283 reguum
767 3206 888 3280 Christi,
911 3223 968 3271 sau
990 3213 1084 3270 tutam

165 3415 373 3438 h--n—n-

237 3561 268 3631 *)
290 3560 426 3617 certitudo
446 3563 598 3616 vacationis.
637 3562 685 3633 *⁸)
707 3563 823 3621 Christus
844 3563 935 3622 Israel.
1009 3556 1015 3565 “

129 3705 136 3719 ,
220 3655 251 3723 1)
270 3656 300 3710 In
320 3658 360 3712 ed.
371 3657 440 3712 1532
458 3657 570 3727 legitur:
587 3659 701 3712 verbnm
720 3667 847 3714 austrum.
867 3657 900 3730 2)
920 3659 1084 3748 lu.ed.1532

33 3759 42 3837 ν’
63 3766 66 3771 ·
152 3750 244 3823 alceste
261 3751 387 3812 scilicet.-
414 3752 447 3826 3)
472 3753 503 3809 In
522 3753 567 3810 ad.
587 3752 659 3835 ttae
674 3754 765 3811 demta
779 3754 819 3807 ld.
