2258 4170
476 180 648 262 Ereiee(
684 171 688 247 s
996 175 1040 245 85
1109 211 1114 226 ι

99 354 292 429 solvendos»,
315 372 376 418 non
399 358 513 419 nostris
533 358 692 434 operibus.
718 312 877 440 [Continet
889 357 1111 441 antemi)

101 431 157 520 irre
180 462 276 523 loeus
305 461 560 525 efficacissimum
589 464 772 527 solutionem
794 467 927 528 omnium
950 484 1040 545 ergu-

107 568 300 642 mentorum‚
322 569 436 646 quibus
451 567 560 629 Judeei
571 569 704 631 nituntur
721 577 825 633 eontra
846 587 904 634 nos
921 581 1039 649 gentes.
1097 626 1101 636 ,

129 755 246 831 liaeo,
262 732 368 818 didit
390 755 587 853 Dominus
609 726 847 834 redemptor
865 754 1011 849 isreel

176 884 371 963 'Postquam
399 899 493 945 unum
526 899 641 944 novum
670 882 822 944 hominem
850 901 890 946 ex
923 886 1039 965 duplici

116 987 243 1051 homine
265 988 438 1060 constituit,
460 988 604 1079 honest,
627 1000 718 1061 onem
741 991 903 1052 ecelesiam
924 1008 964 1055 ex
984 993 1038 1055 Ju-

118 1094 205 1156 deeis
232 1101 263 1156 et
293 1084 436 1170 gentibus
468 1097 524 1171 pei·
559 1094 685 1156 verbum
715 1096 866 1172 evangelii
895 1097 1037 1171 condidit,

120 1200 201 1261 eddrt
214 1200 401 1276 generalem
411 1184 678 1261 consolationem*
683 1199 695 1276 )
721 1216 836 1285 eorum,
849 1202 904 1280 qui
925 1202 962 1263 in
977 1205 1037 1266 iste
1088 1228 1094 1242 ·

69 1350 71 1387 i
122 1306 177 1367 lide
197 1285 309 1368 Christi
332 1312 423 1381 stant
468 1303 570 1366 Fidem
593 1306 672 1366 enim
706 1305 807 1367 stetim
838 1322 914 1369 crux
933 1311 1038 1388 sequi·

69 1408 82 1415 ''
125 1421 165 1475 tur
184 1415 265 1475 sieut
284 1402 503 1493 Pselmus**)
521 1409 607 1471 dicit:
651 1409 771 1475 Credidi
800 1420 924 1493 propter
952 1415 1036 1492 qood

125 1521 237 1581 loeutus
272 1535 359 1591 sum,
387 1518 448 1594 ego
480 1523 582 1578 autem
621 1515 798 1578 humiliatus
831 1532 900 1578 sum
934 1521 1034 1585 nimie.

124 1624 249 1686 llnndus
271 1624 396 1689 enimet
417 1624 568 1697 diabolus,
590 1620 692 1684 mundi
708 1631 819 1698 pater,
827 1638 935 1685 omnes
957 1626 1035 1688 alies

123 1730 297 1806 religiones,
318 1746 469 1791 omnes
486 1729 643 1791 idolatries
685 1730 762 1789 terre
802 1735 955 1817 possunt.
1003 1732 1036 1793 ln

95 1871 99 1879 ·
123 1835 195 1898 lene
215 1838 319 1898 solnm
340 1835 454 1898 Christi
474 1835 565 1896 fidem
593 1833 750 1906 saeviunt,
771 1831 851 1895 hene
872 1835 951 1898 lerre
973 1854 1035 1899 non

121 1949 256 2020 possunt
302 1940 483 2004 Consoletnr
500 1939 590 2017 igitur
612 1939 781 2002 eredentes
803 1939 902 2001 Nolite
924 1941 1035 2020 despe-
1098 1993 1103 2002 .

119 2050 198 2119 rere,
229 2047 343 2126 inquit,
367 2046 464 2109 nolite
494 2044 640 2118 delicere,
674 2045 745 2107 dum
774 2027 966 2125 sie'propter
987 2065 1036 2111 me

118 2151 298 2230 affligimini,
321 2158 456 2214 vestrum
480 2150 623 2223 verbum,
644 2151 727 2230 quod
750 2134 931 2230 sequimini·
950 2155 1034 2232 quod

77 2263 81 2271 '
118 2260 248 2323 mundus
270 2259 357 2336 eupit
376 2258 576 2328 exstinctum,
606 2258 740 2318 manebit
756 2258 786 2318 in
808 2265 980 2332 aeternum,
1002 2268 1032 2323 et

79 2442 81 2449 A
115 2365 158 2425 illi
175 2365 246 2444 ipsi,
269 2366 321 2443 qni
351 2361 464 2441 idjam
487 2371 726 2441 persequuntur,
754 2372 970 2428 convertentur
1005 2374 1036 2428 et
1049 2408 1071 2443 x„

85 2514 89 2525 .
117 2471 243 2553 verbum
266 2486 371 2554 meum
391 2470 619 2547 amplectentur.
651 2516 653 2521 .
839 2476 842 2482 '
887 2474 891 2481 ’

199 2555 302 2637 Vocet
329 2592 364 2637 se
392 2575 619 2652 redemptorem
640 2573 747 2638 Jacob.
787 2573 832 2637 Eo
854 2575 944 2654 igitur
965 2579 1035 2658 ipso
1060 2600 1073 2619 ·

121 2680 281 2759 vocabulo,
304 2697 367 2761 quo
388 2695 432 2742 ser
446 2679 653 2751 commendat,
673 2677 835 2771 oignifleet
854 2683 963 2744 leeiern
985 2701 1035 2747 eo-

122 2787 243 2859 oleoiee,
266 2787 350 2869 qnod
372 2787 412 2847 sit
423 2786 501 2859 telis,
521 2800 601 2863 quoe
615 2780 728 2846 habeat
740 2801 819 2863 opus
836 2788 1036 2866 redemptore,

122 2890 346 2967 sanctificatore
378 2898 408 2952 et
432 2889 642 2967 iustificetore.
685 2889 794 2952 Coram
822 2894 934 2956 mundo
955 2894 1034 2955 enim

120 2995 188 3058 nihil
210 2998 344 3060 eeclesia
367 3003 416 3058 est
437 2995 654 3067 calamitosius,
675 2994 748 3056 nihil
761 2990 939 3074 improbius,
960 2998 1033 3060 nihil

120 3103 215 3180 magio
243 3085 414 3180 profanum.
454 3088 562 3177 Quare
582 3106 674 3162 vocet
700 3116 768 3162 eern
801 3102 940 3174 animem,
958 3120 1032 3167 oon·

118 3208 324 3287 temptibilem,
346 3216 465 3284 gentem
474 3204 716 3278 abominabilem,
737 3214 768 3267 et
784 3222 909 3270 servum
930 3216 1033 3288 tyran·
1121 3230 1123 3233 ’

117 3331 230 3397 porum.
254 3314 292 3374 Hi
314 3320 394 3387 suot,
407 3311 556 3390 magnifici
578 3312 654 3374 tituli
682 3310 919 3393 christianornm
936 3311 1045 3394 ”4¹t),x

180 3568 214 3632 ¹³)
234 3536 676 3647 Generalieeonrolnlio'eeeierire3
696 3561 895 3634 *prinlum
916 3563 1030 3632 ·*·)τῑ.
1073 3633 1076 3639 .

106 3661 155 3716 toli
174 3659 400 3715 christianornm.
445 3678 447 3682 ·
465 3694 467 3701 .

177 3755 212 3825 1)
232 3752 265 3809 ln
284 3753 326 3808 ed.
347 3749 526 3808 lm'deertr
544 3757 641 3807 ιιιιοιιι.
