2258 4170
93 185 109 213 Δ
163 155 225 223 406
311 165 315 172 ’
482 125 626 253 libertatis
646 138 760 225 uberior

123 336 128 353 ‘'
161 338 232 401 idco
255 339 360 401 mortis
381 354 453 403 reus
475 357 519 403 es.
561 341 685 414 Fateor,
717 349 747 402 et
779 334 866 417 hinc
883 347 917 402 ut
945 339 1072 418 castiges

107 513 112 536 ¹
163 445 285 523 quidem
308 428 357 506 me
375 446 456 518 iicet,
477 447 532 508 sed
555 447 643 509 morti
665 464 725 509 non
747 447 850 509 trades
873 463 921 508 me
944 454 1001 509 etc.

247 552 298 614 Sic
315 554 414 615 renati
442 553 533 616 etiam
560 524 729 615 secun‘dum
762 561 896 614 veterem
925 550 1075 614 hominem

101 680 104 688 ·
164 665 235 719 sunt
256 656 315 719 sub
337 666 460 736 sceptro
488 659 657 730 exactoris,
690 665 720 719 et
749 674 829 735 opus
859 657 977 721 habent
1005 659 1076 735 tegis

128 764 316 833 doctrina,
329 834 347 847 η
364 737 569 844 admonitione
612 772 642 825 et
683 763 886 840 correptione.
915 817 918 822 .
936 756 1078 841 inspiciat

168 853 383 949 onus‘quisque
404 878 541 932 nostrum
564 887 599 930 se
624 869 729 947 probe,
750 876 781 931 et
804 869 938 948 penitius
951 871 1080 931 excutiat

68 973 70 979 ’
125 1030 130 1043 ,
167 976 261 1049 ιίιιιιι
281 992 386 1047 suam,
408 983 439 1037 et
461 976 589 1046 videbit,
611 992 703 1058 qoem
726 977 820 1036 muita
841 976 958 1045 desint,
989 991 1079 1052 quam

167 1098 264 1161 saepe
279 1072 435 1160 impingat,
458 1081 510 1157 qui
531 1081 571 1143 sit
592 1081 692 1143 carnin
712 1096 789 1142 suae
810 1080 943 1143 adbene
956 1096 1081 1156 operan-

168 1187 241 1248 dum
263 1194 377 1264 torpor,
398 1202 492 1263 quam
507 1187 614 1264 procui
634 1187 715 1273 absit
736 1203 754 1246 a
777 1186 963 1281 perfectione
986 1194 1044 1247 ete.¹

179 1343 182 1349 .
252 1292 428 1377 Secundum
463 1302 611 1354 'carnem‘
637 1292 728 1368 igitur
763 1291 914 1354 debemus
953 1291 1082 1352 subesse

169 1381 292 1475 seeptro
313 1399 481 1471 exactoris,
511 1397 631 1458 cirenem
654 1397 784 1473 castiget
805 1397 854 1459 lex
875 1410 1010 1462 necesse
1030 1405 1083 1458 est

57 1550 59 1557 Α
155 1504 231 1581 ,διὰ
254 1505 284 1565 in
296 1504 425 1587 tristitia
447 1503 582 1584 spiritus,
603 1504 633 1565 io
656 1494 762 1596 mortis
766 1492 983 1595 periculam
994 1517 1084 1564 sensa

15 1673 21 1687 ,
89 1652 91 1656 »
169 1616 368 1688 peccatorum
378 1615 408 1670 et
418 1607 533 1681 interni
554 1608 764 1692 diademare
776 1614 912 1681 exactor
930 1608 1086 1671 descende

36 1731 39 1736 ·
107 1714 110 1721 “
147 1715 202 1786 ζει
229 1730 338 1777 exerce
365 1712 498 1783 officium
529 1721 612 1777 tuom
643 1716 673 1776 io
703 1730 802 1779 carne
845 1711 879 1775 in
915 1726 1010 1776 carae
1040 1729 1086 1777 mc

36 1844 38 1848 ⁴
150 1882 152 1886 ,
172 1835 319 1883 exerceas
341 1835 378 1880 ac
399 1832 538 1882 maceres
559 1819 646 1892 iicet,
665 1820 760 1896 probe
780 1820 811 1881 id
834 1820 940 1890 merui,
965 1819 1052 1882 aed
1043 1836 1085 1880 rr-

173 1923 288 1987 ternitm
317 1932 348 1987 et
369 1941 481 1987 novum
495 1923 750 1989 *idomhominem
772 1925 883 2003 linque.
910 1922 1086 1987 Nondebec

172 2030 346 2113 desperare.
364 2106 368 2121 ,
389 2030 454 2092 Non
478 2031 577 2092 debeo
604 2030 785 2093 conturbari.
827 2029 990 2093 Turbabor
1014 2028 1086 2106 (boc

113 2216 116 2228 Ι
173 2142 230 2207 e'st,
251 2144 354 2214 potest
375 2151 424 2196 me
445 2135 567 2214 quidem
589 2138 638 2197 tex
659 2143 690 2197 et
708 2134 895 2200 conscientia
918 2133 1002 2196 mala
1024 2148 1087 2210 oer-

175 2242 391 2320 terrefacere),
423 2240 480 2302 sed
502 2257 564 2303 non
584 2241 800 2322 perturbabar,
835 2241 909 2319 quia
932 2241 1085 2302 vulnerum

128 2354 132 2361 ’
173 2347 287 2410 domini
308 2347 499 2422 recordabor,
522 2343 675 2424 inquitD
697 2347 898 2424 Augustinus.
930 2318 984 2407 Sic
1006 2345 1111 2408 dicas¹

45 2444 64 2459 '⁴
175 2462 206 2514 et
226 2461 275 2527 to,
297 2454 388 2513 terre
410 2453 460 2513 lex
481 2460 511 2514 et
533 2452 639 2514 occide
661 2469 794 2524 tarnem,
814 2453 861 2516 sic
881 2451 962 2514 enim
986 2450 1087 2512 merui

82 2564 85 2577 “
158 2549 266 2620 'Sed
259 2575 288 2618 ιιι
311 2526 555 2634 desperationem
578 2563 681 2642 tamea
701 2575 739 2618 tte
761 2559 858 2621 ducas
880 2573 938 2619 me
976 2544 1088 2618 Turbe'r

36 2677 39 2682 ·
119 2664 259 2744 ·2ticet,
287 2679 347 2725 ooo
370 2663 570 2739 perturbabar
591 2670 706 2736 tamen,
732 2679 793 2725 oon
815 2652 1009 2741 desperabo,
1036 2662 1086 2722 sed

163 2768 306 2829 ‘infantis‘
323 2767 375 2828 iiiii
396 2765 490 2843 hujus
510 2767 584 2828 mihi
605 2769 667 2830 dati
688 2756 718 2829 et
739 2766 851 2845 Misrair
867 2769 928 2828 mei
950 2766 1088 2828 recorda·

178 2873 242 2936 bor.
287 2874 406 2934 Mereor
426 2873 562 2955 exerceri
584 2881 614 2934 et
647 2873 782 2949 crucifigi
805 2854 888 2952 aste,
920 2872 979 2934 sed
1001 2873 1042 2936 ob
1062 2871 1089 2931 id

179 2995 239 3039 oon
260 2977 400 3054 abjiciam
423 2994 509 3058 spem
528 2978 567 3039 de
589 2962 702 3051 seinte,
724 2996 784 3042 non
806 2978 1009 3057 despondebo
1030 2978 1091 3038 ani·

81 3117 85 3126 =
174 3073 270 3156 ιιιιιιιι,
292 3084 362 3145 ιιοΙο
385 3085 425 3144 ob
447 3084 475 3143 id
498 3087 611 3160 negare
633 3085 764 3193 pontium
786 3084 969 3197 iilumnobis
989 3089 1099 3174 natam

179 3198 208 3250 et
229 3187 335 3250 filium
343 3189 503 3262 datum.
991 3240 995 3255 ,

219 3293 388 3370 'Castiga
409 3296 513 3374 ita'que
526 3246 788 3371 eternaegene,
811 3295 866 3356 sed
888 3296 943 3365 sic,
965 3303 1093 3387 uterer

180 3400 229 3459 itta
253 3401 292 3461 sit
313 3400 386 3463 mihi
407 3403 541 3463 salutare
564 3401 749 3479 martyrium,
769 3401 854 3479 quod
869 3402 970 3462 valeat
993 3408 1025 3462 et
1045 3417 1092 3461 ce-

181 3505 247 3576 dat,
269 3523 328 3567 non
351 3507 388 3566 ad
412 3506 650 3579 damnationem,
679 3507 734 3569 sed
756 3505 1018 3574 mortificationem
1042 3522 1093 3567 re-

107 3598 110 3602 ’
141 3642 146 3648 ·
180 3611 252 3672 teris
275 3609 406 3673 hominis
428 3620 458 3673 et
486 3611 719 3677 vivificationem
740 3614 826 3684 novi,
852 3611 883 3676 2.
899 3611 1043 3699 [Corinth.
1064 3610 1094 3675 t.

181 3716 231 3777 Sic
265 3727 414 3796 martyres
450 3701 544 3781 variis
581 3719 735 3783 tormentis
763 3716 1024 3794 subjiciebantur,
1064 3726 1096 3781 et
