2258 4170
381 198 387 205 ·
451 210 454 214 ·
518 173 627 248 Esaiae
704 200 749 250 ῃ
925 242 929 249 ,
986 174 1029 249 99

123 380 237 427 unorum
261 377 341 438 opus
356 366 538 438 exspectare
551 361 732 430 Donduum
744 356 827 455 quod
849 357 985 420 simulari
1008 375 1025 419 o
1061 376 1065 388 ·

80 470 192 534 otilo
217 474 328 546 potest.
362 452 451 530 Ratio
473 468 551 530 enim
580 450 755 530 naturaliter
774 464 819 527 'ed
850 464 909 528 eliu
937 477 1026 540 proe-
1054 479 1057 490 ’

119 576 189 640 sidia
209 567 329 650 teiogit'
535 573 547 586 ⁶

213 710 406 839 Numquid
430 716 597 868 tuiletur
618 776 636 820 a
658 759 754 821 iorti
771 692 928 868 p‘toede.

191 887 249 950 Est
268 888 447 964 oeeupoiio,
468 889 497 948 in
520 904 581 965 quo
603 888 642 948 de
663 889 754 950 modo
777 861 926 965 disputet,
949 903 1027 964 quo·
1050 974 1055 989 „

110 992 415 1074 modoparatefiiios
430 993 536 1080 possit
559 992 648 1070 quusi
672 993 768 1054 dicet:
791 990 906 1054 odiiota
929 989 1025 1053 eteiu-

108 1101 165 1164 sio.
210 1101 256 1160 Tu
271 1099 430 1176 promittis
452 1099 824 1175 magnetn'postetitetem,
846 1104 951 1158 vetum
966 1104 1025 1177 ego
1114 1124 1122 1144 ··

110 1206 210 1276 video
233 1212 326 1282 quatu
348 1200 378 1263 id
400 1205 441 1264 sit
462 1204 661 1281 impossibiie
675 1204 704 1265 in
727 1212 811 1266 tanta
833 1202 1026 1265 adversatio-

108 1299 180 1374 tum'·
198 1295 345 1389 potentio,
390 1299 452 1368 iiiiii
475 1308 563 1382 enim,
587 1322 667 1387 quos
688 1310 861 1390 promittis„
875 1318 945 1372 suut
967 1308 1025 1375 sub

109 1419 258 1496 tyrannis,
281 1415 332 1494 qui
345 1428 410 1475 eos
432 1421 543 1484 tenent,
564 1415 643 1477 siout
657 1415 746 1502 giges
761 1419 907 1500 rapinum.
949 1414 1026 1476 Sunt
1075 1405 1080 1408 ’

110 1525 185 1597 iuter
207 1528 316 1599 gentes
335 1520 383 1583 sie
405 1508 559 1605 excaecuti
582 1527 612 1581 et
633 1517 771 1592 indurati,
794 1520 1027 1597 utimpossibiie

113 1631 151 1692 sit
170 1644 228 1691 eos
251 1626 340 1690 morti
363 1632 393 1686 et
414 1606 546 1697 interito,
579 1643 597 1687 s
629 1626 743 1704 quibus
771 1627 909 1705 tyrannis
925 1624 1032 1704 -quos'i

109 1735 176 1813 lure
194 1741 345 1804 tenentut‚·
364 1730 493 1818 euipil).
515 1732 692 1809 Respondet
712 1732 818 1807 igitur:
839 1720 904 1809 iigo
925 1716 1028 1794 Domi·

113 1846 166 1902 oud
189 1839 310 1919 ioeiam,
332 1843 364 1928 ut
384 1845 415 1899 et
437 1812 808 1914 m'ognamoosteritotem
830 1835 969 1910 hubeis,
997 1844 1028 1899 et

59 1988 63 1995 -
95 1946 161 2037 ‚qui
183 1946 286 2008 setibi
301 1924 467 2020 opponunt,
489 1942 555 2004 suis'
575 1942 690 2004 viribus
706 1950 840 2021 pereunt.
869 1944 934 2005 iioo
947 1932 1026 2006 enim

110 2058 169 2124 ost,
206 2046 291 2130 quod
326 2038 418 2110 dicit.
476 2046 592 2111 'cibabo
630 2048 739 2112 hostes
779 2058 849 2111 tuos
883 2042 1056 2153 cordibus
1122 2117 1124 2124 ,

74 2197 77 2209 ·
112 2157 176 2240 suis
198 2152 276 2238 eiu]

103 2343 177 2404 Aut
199 2308 485 2421 quodeuptum
518 2319 645 2406 tuerit
677 2343 895 2406 utobusto
932 2345 1028 2406 soi-
1066 2406 1070 2414 ,

363 2448 772 2547 vumessepoteriti
850 2492 858 2499 .

177 2572 241 2635 ‘Sio
263 2576 345 2651 opud
367 2576 503 2659 Judueos'
534 2574 694 2640 tenebatur
721 2579 857 2654 populus
888 2590 906 2637 o
927 2568 1027 2637 levitis

101 2688 134 2741 et
156 2678 337 2760 doctoribus
363 2680 446 2756 justo
469 2683 574 2755 titulo,
601 2683 768 2744 eratenim
791 2670 896 2760 politio
918 2681 1027 2743 diviui-

101 2792 156 2846 tus
179 2785 333 2859 institute,
357 2793 386 2847 et
409 2795 512 2848 tameo
530 2789 660 2866 upostuii
686 2796 779 2849 totum
803 2787 900 2863 iegettt
923 2784 1027 2848 dboie‘·
1078 2834 1080 2838 .

104 2893 189 2954 bant
232 2891 321 2952 Unde
343 2900 447 2953 autem
466 2892 639 2954 habuerunt
660 2893 742 2955 itone
761 2880 963 2964 ettt'oiiisieut,
985 2882 1028 2954 si-

104 2996 231 3072 quidem
256 2989 592 3072 evangettom'tan'tutn
619 3007 668 3083 est
690 2997 827 3060 doctrino
850 2998 1027 3075 spiritualis,

105 3109 136 3162 et
156 3108 304 3175 externos
326 3094 568 3194 observationes,
591 3103 840 3165 siue-Mosoieds'
863 3105 930 3163 sits
953 3105 1026 3164 otti

105 3222 173 3268 rum
197 3207 387 3291 politiorum,
415 3216 475 3269 nort
496 3207 649 3272 dissolvit.
692 3208 745 3271 Sie
765 3209 925 3291 nobiseum
949 3210 1026 3286 quo·

105 3329 173 3390 que,
190 3312 320 3383 oceidit,
342 3302 452 3374 fuimus
474 3314 534 3377 sub
554 3308 765 3391 jurisdictione
786 3314 888 3392 papie
911 3318 941 3375 ei
962 3298 1027 3392 epi-

102 3435 286 3499 scoporum,
308 3433 363 3480 our
384 3426 554 3483 autemoos
576 3437 644 3483 eam
666 3419 864 3484 excussimus
886 3418 1026 3494 u'nobis,

100 3541 173 3588 cum
197 3523 394 3601 evangelium
417 3525 520 3589 doceri
543 3530 679 3603 poterut,
711 3525 770 3588 iliis
794 3525 940 3605 oneribus
960 3541 1026 3587 me·

115 3658 148 3667 ,,
250 3656 253 3665 ,
292 3654 296 3681 ,
566 3657 572 3663 .

171 3749 205 3818 1)
227 3746 259 3802 In
280 3746 323 3802 ed.
342 3719 486 3804 lmen:
505 3746 618 3818 eripere.
670 3800 673 3808 ,

447 3862 452 3881 ,
487 3860 491 3867 ,
533 3835 537 3840 ·
767 3833 813 3904 γ*
