2258 4170
182 161 245 259 354
502 161 648 225 Enarrclio
664 162 784 231 uberior
811 222 822 259 .·
963 180 990 233 ἰ

181 362 242 408 non
265 360 314 405 me
332 343 434 420 iuvet,
465 349 499 403 ut
520 340 549 402 id
572 339 654 421 quod
684 340 772 417 iubet
795 343 954 416 praestare
974 338 1080 414 possin

179 450 280 529 Exigit
302 467 321 511 e
343 466 391 511 me
418 465 470 520 ea,
504 463 585 527 quoe
617 445 772 508 humanae
799 452 928 509 neturec
956 439 1023 535 sript
1039 445 1080 519 ἰιι,

180 557 358 636 possibilie,
390 571 491 632 neque
513 552 592 623 enirn
614 560 722 615 nutura
744 552 812 614 suis
833 549 954 615 viribus
975 565 1014 617 ex
1031 549 1078 617 to'to

179 662 389 726 cordelieum
421 668 452 723 et
478 659 650 737 proximum
678 659 760 720 sicut
793 673 829 721 se
851 656 955 733 ipsum
977 654 1077 734 diligen

180 776 295 847 potest.
343 768 408 845 Quo
439 773 540 833 autem
571 765 641 842 plus
662 760 944 841 impossibilitatem
976 762 1104 843 nitunt!¹

48 882 59 893 ’
182 875 316 952 intelligo
337 881 368 935 et
389 872 499 945 sentio,
520 870 583 933 hoc
603 868 703 947 magis
726 876 757 930 et
778 868 896 931 lortius.
909 868 1006 932 sentio
1023 884 1075 946 pcc·

181 984 295 1049 cetum,
319 983 372 1037 aut
392 991 430 1041 eo
452 977 485 1039 flt
506 976 633 1055 gravius
654 983 825 1054 peccatum.

204 1124 207 1129 -
261 1082 389 1145 Divinae
417 1092 520 1148 temen
547 1082 693 1146 bonitatis
716 1080 865 1160 singulari
886 1076 1027 1143 beneficio
1045 1081 1073 1161 lt,

180 1183 264 1272 qnod
284 1185 386 1247 nullus
408 1185 446 1249 ad
469 1184 562 1259 finop
583 1191 614 1246 et
635 1185 725 1265 pleno
746 1183 947 1261 perfecteque
968 1180 1072 1261 iutelligit

181 1305 218 1351 cc
232 1290 333 1365 sentit,
357 1291 432 1370 quid
454 1291 495 1354 sit
508 1297 670 1369 peccatum
690 1297 721 1353 et
734 1287 815 1365 legis
838 1287 945 1357 virtus
974 1287 1070 1365 Quando
1119 1332 1123 1373 :

181 1394 369 1457 conscientie
408 1376 564 1461 hominene
602 1398 692 1460 verc'
716 1399 856 1473 tangeret
887 1400 928 1483 ‚et
969 1402 1071 1471 ιιιιιιιιι

117 1582 121 1591 ¹
181 1499 305 1577 quondo
340 1506 457 1580 peccati
492 1503 673 1583 gravitatem
703 1508 735 1564 et
753 1490 999 1578 ,mognitudinem
1021 1516 1069 1567 ruo

180 1607 321 1681 sentiret,
343 1602 453 1674 si'non
474 1610 578 1681 subito
596 1596 775 1679 moreretur,
798 1607 852 1669 diu
872 1612 975 1668 temen
994 1605 1070 1673 vivut
1115 1648 1123 1659 ·

180 1728 240 1775 non
273 1722 391 1791 posset
440 1716 506 1792 Quo
537 1714 650 1779 clarius
678 1732 716 1777 ec
744 1714 845 1791 magis
873 1713 1071 1791 inteligiturtt

99 1814 104 1821 '
181 1821 380 1901 cognoscitur
401 1830 577 1902 peccatum,
599 1839 637 1885 eo
659 1821 789 1893 lortius,
805 1819 944 1895 gravius,
965 1819 1071 1891 nuncin

181 1925 240 1987 et
231 1928 397 1993 immanius
419 1935 482 2003 est,
506 1934 536 1990 et
553 1928 686 1993 subinde
705 1926 739 1990 lit
760 1926 898 2005 gravius,
920 1906 1014 2009 donec
1030 1932 1074 1989 tlu-

180 2030 251 2092 dem
274 2033 404 2095 occidat.
480 2039 484 2047 '

265 2136 333 2199 Sic·
339 2146 465 2201 exustor
485 2139 548 2213 ille,
575 2137 637 2201 hoc
659 2146 707 2201 est
718 2138 793 2209 ',lex
816 2136 945 2215 impellit
961 2144 995 2213 et
1012 2146 1078 2215 ιιιιι

182 2250 351 2321 peccatum,
373 2251 533 2325 peccatum
555 2241 689 2327 impellit,
711 2251 742 2306 et
756 2243 857 2320 iulert
860 2251 998 2316 mortem,
1016 2259 1080 2307 mon

183 2356 215 2410 et
235 2365 371 2426 pavores
393 2351 499 2421 mortis
513 2351 619 2414 tollunt
639 2349 803 2423 hominem
830 2349 906 2427 Ideo
927 2349 1012 2411 multi
1029 2338 1083 2411 sunl

151 2462 153 2466 ‘
181 2461 212 2515 et
233 2453 370 2531 luerunt,
392 2457 444 2534 qui
467 2468 550 2531 vere
561 2464 680 2534 peccet
671 2473 722 2519 um
744 2457 922 2533 sentientes
948 2452 1085 2533 quianon

73 2564 77 2653 J
179 2558 355 2622 habuerunt
386 2561 468 2641 hunc
497 2577 624 2639 puerum
654 2571 684 2625 et
711 2563 806 2625 filium
826 2562 918 2633 nobis
947 2568 1085 2652 natumst

180 2667 299 2740 dotum
328 2668 566 2745 inconsolabiles
585 2668 722 2746 luerunt,
751 2671 782 2726 et
802 2663 832 2731 in
853 2663 1085 2759 desperationem

180 2772 317 2853 prolapsi
340 2776 421 2837 suut

261 2876 429 2941 Considera
460 2878 520 2945 et
511 2879 628 2957 inspice
650 2886 745 2951 toturn
760 2880 877 2953 taciem
900 2878 1090 2957 ecclesiarum

180 2985 240 3049 sub
263 2982 392 3065 papatu
422 3000 461 3045 uu
491 3001 552 3047 non
575 2986 631 3061 itti,
666 2986 720 3064 qui
741 3002 814 3053 vere
835 2994 1004 3051 senserunt
1023 3002 1090 3053 onus

178 3091 312 3171 peccati,
334 3107 441 3153 omnes
463 3091 572 3157 eodem
593 3091 710 3161 ratione
731 3091 792 3169 legi
813 3093 1035 3157 occurrerunt?
1061 3108 1091 3153 nn

178 3218 240 3264 non
263 3208 383 3262 omnes¹
399 3180 465 3258 suis
487 3196 576 3265 bonis
599 3197 745 3275 operibus
767 3212 824 3274 pro
848 3198 990 3279 peccatis
1011 3199 1091 3269 setis

133 3328 137 3351 τ
178 3307 279 3367 locere
300 3309 510 3376 tentaveruut4
538 3310 569 3363 et
590 3304 667 3365 setis
695 3304 831 3363 lecturos
859 3319 897 3365 se
925 3303 1092 3369 somniate

180 3411 270 3473 runtl
311 3407 372 3471 Sed
406 3407 485 3472 adeo
516 3407 591 3471 nihil
619 3409 826 3487 proiecerunt,
858 3415 895 3469 ut
915 3426 981 3487 quo
1004 3409 1091 3489 napis

179 3516 341 3587 sudarent,
365 3529 402 3593 eo
425 3513 552 3591 gravius
574 3523 700 3585 exactor
721 3514 770 3575 illo
791 3529 848 3575 eos
871 3523 1034 3592 premeret

150 3689 153 3694 ,
260 3620 312 3681 Sic
341 3627 371 3681 et
402 3618 476 3680 mihi
503 3619 615 3681 accidit
649 3619 708 3683 sub
723 3624 868 3697 'papatu
904 3617 1091 3683 celebrabam

167 3726 314 3807 ¹quotidie
335 3726 464 3799 missus,
486 3732 517 3787 et
538 3725 567 3787 in
586 3726 720 3806 singulis
736 3724 843 3799 cnissis
864 3732 929 3791 tres
951 3718 1090 3809 potronot
