2258 4170
164 165 229 234 4¹12
318 202 323 215 ι
513 170 660 233 Romatio
682 134 829 232 abanet:

163 355 233 417 ritis
252 351 412 418 hominnm
427 352 523 429 gretia
546 353 576 414 in
597 352 689 435 labiis
710 350 788 430 ejus,
809 333 851 414 sti
865 360 920 425 est,
943 342 1076 434 eioquuss

164 459 312 529 tissimus.
334 458 489 535 gratiosus
511 459 625 521 verbis.
655 458 756 534 Quare
776 450 954 522 hie>dieitis
974 469 1072 537 eontra,

83 644 87 655 ¹
165 564 418 636 deformissimum,
431 579 492 625 non
506 564 661 640 gratiosus
675 563 789 635 verbis,
803 563 864 626 sind
878 570 1075 643 contempturi

166 678 304 733 ut‘nemo
317 669 423 748 audire
444 682 514 730 eum
537 654 749 732 veiit'oversis
771 669 874 733 ocutis
894 676 926 731 et
946 671 1077 736 euribmi

97 856 101 861 ι
137 776 285 838 ‘Verum
302 760 351 838 est
378 774 517 854 quidem,
548 773 631 852 quod
659 776 719 837 ista
751 792 816 837 nun
847 783 1020 852 congruunt
1036 776 1078 840 in

53 877 84 950 ,“
165 881 267 953 dacis,
299 870 401 959 porois
425 882 545 942 istisin
568 883 750 958 scripturam
771 879 980 952 inuenturos,
1000 881 1079 946 imno
1121 908 1123 961 ς

165 985 592 1061 mmfflwmm.
1027 983 1031 993 “

245 1082 384 1153 'iudaeus
415 1107 528 1154 caesus
556 1085 617 1153 ista
644 1092 704 1155 duo
732 1108 896 1170 nunquam
919 1093 1082 1168 coneordat,

166 1213 306 1261 summus
328 1197 417 1258 Deus
436 1204 466 1258 et
487 1196 610 1259 infimus
631 1182 738 1268 homo,
766 1198 828 1265 sed
848 1196 1082 1262 Christiano-rie

166 1282 351 1378 congruunt,
380 1310 451 1363 sunt
471 1302 552 1365 duae
573 1307 700 1364 naturae
720 1302 751 1364 in
773 1301 924 1380 Christo*
942 1302 1085 1367 dirimet

166 1407 309 1491 humone,
330 1407 360 1467 in
375 1407 483 1468 endem
498 1423 641 1485 persona,
663 1406 833 1481 seeundum
850 1406 993 1469 divinam
1010 1416 1086 1472 natu

88 1548 90 1553 ·
164 1530 230 1574 ram
252 1519 301 1574 est
321 1513 418 1588 gioria
431 1512 529 1574 Patris
551 1519 682 1585 aeterna,
704 1512 743 1587 ad
764 1519 893 1590 mmpns
918 1521 1021 1576 antem
1040 1517 1086 1579 init

166 1618 369 1687 miserrimus,
384 1616 637 1690 deformissimns,
651 1625 723 1696 post
734 1634 809 1680 vero
821 1622 992 1694 exaltatus,
1004 1623 1087 1685 subii-

165 1725 241 1798 mis,
266 1721 526 1799 gloriosissimus,
547 1729 579 1784 et
600 1729 723 1800 propter
743 1720 826 1786 hano
846 1724 990 1788 divinam
1010 1736 1085 1791 urtu-

117 1838 122 1849 '
165 1810 246 1900 ram,
279 1834 311 1888 et
347 1827 515 1889 seeundum
544 1827 708 1891 humanam
737 1829 897 1894 exultatus
928 1838 1085 1910 estsuper

166 1930 319 1996 omnia'ad
341 1932 497 1995 dexteram
515 1925 620 2010 name,
642 1934 716 2011 quia
736 1942 860 2011 oportet
880 1936 968 1999 hane
988 1937 1084 2001 hume·

166 2055 236 2099 nam
271 2045 412 2100 naturam
441 2039 577 2099 comitari
604 2038 756 2111 divinam,
791 2055 852 2121 son
880 2042 991 2119 potius
1017 2044 1082 2106 unin'

167 2160 235 2206 oum
264 2161 301 2205 ea
322 2151 356 2205 ut
376 2144 413 2203 in·
428 2158 489 2203 uno
510 2158 660 2219 persona,
689 2151 720 2205 et
739 2141 803 2207 mu
823 2153 934 2222 potest
954 2146 1080 2213 distrahi

248 2250 301 2312 Sic
315 2265 369 2326 per
382 2248 580 2310 ministerium
597 2250 696 2310 taetus
717 2257 765 2312 est
786 2265 904 2314 servus
927 2260 958 2314 et
979 2268 1082 2330 pereas

44 2414 48 2422 ,
166 2363 212 2416 tor
234 2353 434 2432 personaliter
450 2362 480 2414 et
501 2370 563 2415 non
583 2355 774 2428 naturaliter,
799 2357 856 2418 sod
880 2357 957 2435 quia
979 2340 1088 2421 servus*

78 2450 85 2463 ‘
166 2466 215 2520 est
234 2461 333 2520 iaetus
355 2458 489 2520 omnium
511 2467 721 2536 peecatorum,
751 2461 824 2523 ideo
845 2462 962 2525 dieitur
981 2479 1079 2542 peeoa

166 2573 221 2637 tur,
243 2573 336 2643 atque
350 2564 493 2641 equidem
517 2572 606 2626 voeut
627 2582 663 2627 se
683 2574 880 2655 peecatorem
903 2569 934 2630 in
947 2560 1079 2641 Psalmis,

166 2671 311 2733 Miserere
338 2669 413 2738 mei,
450 2670 503 2748 qui
530 2670 659 2746 peceavi
686 2671 757 2742 tibi,
789 2673 1081 2751 comprehendemnt

166 2791 215 2836 me
226 2768 402 2853 iniquitates
418 2791 516 2838 meae.
548 2774 720 2853 opprobria
734 2777 992 2855 exprobrantium
1013 2780 1083 2841 oesi-

167 2880 274 2943 demnt
295 2880 324 2940 in
350 2895 407 2941 me.
633 2868 635 2873 ’

249 2985 358 3048 Omnia
372 2992 503 3063 peecata
523 2985 627 3047 mundi
650 2994 740 3048 voeat
761 3002 837 3062 sua3
857 2986 944 3048 unde
967 2959 1098 3049 veniunt¹

126 3160 130 3165 ,
166 3092 195 3151 in
223 3091 274 3153 te?
317 3089 373 3165 Qui
400 3097 567 3166 conseptus
588 3106 628 3152 ex
648 3091 757 3168 spiritu
778 3098 904 3165 saneto,
935 3086 1033 3154 natus
1051 3109 1085 3154 eu

166 3196 262 3256 Mario
293 3197 410 3271 virgine
437 3195 504 3255 sine
534 3202 676 3272 peceato,
706 3197 736 3257 in
764 3213 827 3276 quo
858 3203 912 3258 ost
931 3182 1085 3275 plenitudo

167 3301 292 3376 gratiae.
327 3299 488 3374 Quomodo
507 3315 582 3375 ergo
603 3303 734 3363 obruunt
755 3309 786 3364 te
806 3300 992 3380 iniquitates
1013 3309 1087 3373 tuae,

114 3396 124 3417 '
167 3423 186 3466 o
219 3403 358 3465 Ghristei
412 3403 492 3465 Audi
528 3403 653 3467 Esaiam
689 3405 806 3484 cupite}
846 3403 908 3469 43:
968 3407 1087 3470 servire

166 3509 335 3591 me,ieoisti
357 3509 385 3568 in
409 3508 546 3586 peccatis
568 3504 637 3585 tuis.

124 3632 130 3643 ·
248 3614 333 3675 Haeo
354 3610 426 3676 stunt
447 3615 543 3675 verba
563 3615 614 3707 ¹filii
634 3615 688 3678 Dei
709 3616 739 3677 in
760 3614 867 3686 Esaia,
890 3632 956 3678 non
981 3632 1089 3680 aseen-

143 3721 146 3728 '
167 3718 238 3780 disti
253 3716 325 3779 mihi
341 3717 422 3792 thus,
443 3722 503 3779 non
524 3719 634 3782 dedisti
656 3721 804 3794 victimas,
826 3722 903 3799 quin
923 3721 980 3786 his
996 3724 1088 3789 rebus
