2258 4170
419 178 498 254 Gap.
520 166 550 242 9
572 177 682 236 Esaiae
772 244 777 249 ,
950 171 1014 240 369
1055 130 1058 136 ¹
1092 142 1119 266 J

187 354 254 415 Non
277 280 420 431 profiteor
439 371 488 416 mo
508 304 713 434 professorem
736 362 766 416 ct
787 354 932 417 artificem
945 372 1013 451 per·
1090 415 1098 436 ,

103 461 216 522 lectum
246 441 469 536 allegoriarum,
502 461 557 522 sed
586 469 686 522 tameo
719 458 798 521 hanc
822 458 925 536 judico
954 456 1045 525 hoc

104 567 175 629 loco
211 565 400 643 aptissimam
437 574 466 627 et
497 565 757 644 appositissimum
798 581 880 629 esse
928 557 1015 630 Tubu
1053 543 1073 582 '¹
1120 569 1122 574 ’

103 688 168 733 vox
196 670 346 748 evangelii
374 679 431 733 est
474 671 547 733 Sola
569 689 607 733 ea
630 688 690 733 vox
713 671 876 748 prosternit
893 669 1015 741 hostes.

101 776 169 839 Nos
197 793 305 838 sumus
336 792 411 838 vasa
438 783 599 850 ·‚testacea
642 782 812 862 portamus
836 775 1016 869 thesaurum
1071 844 1075 857 ,

101 882 133 941 ιιι
167 896 287 944 summa
322 881 491 942 infirmitate
527 882 557 943 in
590 882 675 944 vasis
704 881 859 946 fictilibus
895 860 1016 947 Sumus
1088 874 1095 911 ³

102 962 311 1049 infirmissima
335 1002 410 1048 vasa
439 994 588 1060 testacea,
624 987 850 1066 martyrizatae,
887 998 1017 1053 vexatae

101 1101 133 1155 et
156 1091 353 1154 mortificatae
375 1093 755 1184 conscientiaeffostendunt
769 1094 907 1155 virtutem
921 1095 1017 1173 Spiri-

101 1207 155 1260 tus
177 1197 636 1286 sunotilucieutenrmirabilia.
680 1199 731 1260 Sic
753 1199 847 1262 virtus
870 1199 1015 1275 Gideonis

102 1293 254 1366 nostri-in
276 1303 445 1364 infirmitate
466 1314 571 1368 nostra
592 1303 754 1382 perficitur.
796 1304 828 1364 Si
863 1305 943 1381 iguis
973 1313 1016 1375 te,-
1078 1376 1079 1380 ,

101 1411 160 1472 stis
193 1411 331 1490 inclusus
359 1409 450 1471 debet
470 1397 629 1488 erumpere
661 1416 691 1470 ct
712 1410 863 1488 corrpiet,
879 1419 881 1425 ·
897 1416 1018 1488 oportet

101 1522 216 1577 testam
238 1515 398 1592 confringi,
434 1516 464 1576 id
487 1524 553 1595 est,-
579 1513 690 1591 subjici
722 1533 780 1577 nos
804 1515 897 1576 variis
920 1513 1053 1576 atilio-2

99 1622 237 1684 tionibus
258 1629 288 1682 et
308 1621 451 1698 periculis
465 1619 646 1683 mortificari.
675 1622 759 1683 Sicut
779 1621 911 1698 gentiles
925 1621 1017 1683 etium

101 1728 258 1801 dixerunt,
290 1743 351 1789 non
377 1725 440 1787 iieri
463 1727 580 1788 lacinus
603 1742 745 1802 magnum
766 1734 797 1815 et
818 1727 1019 1797 memorabile

96 1834 172 1895 sine
204 1833 316 1909 ingenti
344 1824 488 1910 periculo.
530 1831 667 1893 Necesse
696 1841 744 1892 est
771 1832 959 1908 collisionem
989 1841 1021 1895 ot

103 1938 217 2013 luctam
249 1939 483 2014 angustiamque
511 1936 562 1998 hic
593 1954 665 2001 esse
694 1939 796 2010 talem,
833 1937 935 2014 qualis
971 1944 1027 2011 est

106 2042 336 2121 quodammodo
368 2043 397 2103 in
430 2050 532 2120 partu,
557 2050 599 2104 ἰιι
621 2039 849 2119 mortificemur;
871 2024 1022 2120 ¹Spiritus
1098 2053 1102 2063 ¹

107 2149 205 2208 sancti
228 2148 306 2207 enim
334 2147 415 2210 dona
438 2165 473 2209 oc
503 2149 611 2225 virtus,
635 2153 698 2208 tum
732 2149 848 2240 exserit
867 2163 954 2217 sese,
990 2142 1025 2208 et'

108 2254 218 2314 eminet
246 2253 425 2339 praecipue,
460 2270 529 2316 cum
551 2253 683 2313 maxime
711 2253 888 2331 premimur,
925 2268 1021 2328 angu-

107 2357 234 2420 stiamur
254 2365 286 2420 et
307 2356 486 2422 collidimur.
1037 2368 1039 2372 ’

84 2515 87 2517 ,
190 2451 352 2525 Οιεειιιει
376 2472 478 2526 autem
512 2463 572 2525 hoc
605 2442 673 2524 loc‘o
703 2462 836 2539 quisque
863 2461 1022 2525 studiosus
1078 2474 1081 2478 ’

110 2586 267 2632 sacrarum
281 2554 453 2642 literarum,
467 2569 551 2649 quod
573 2584 679 2630 omnes
692 2566 864 2630 occisiones
878 2567 1021 2641 hostium,

111 2693 193 2754 quoe
215 2683 385 2765 occurrunt!
405 2676 435 2735 in
464 2672 728 2747 sucrislristoriis,
751 2660 922 2750 significent
943 2673 1023 2735 occi·
1057 2664 1058 2669 ’

108 2782 216 2843 siones
238 2781 419 2861 spirituales,
441 2797 519 2859 quas
541 2785 685 2856 operatur
703 2794 780 2856 puer
794 2778 843 2839 ille
864 2795 933 2840 cum
956 2774 1024 2854 suis
1072 2794 1091 2840 ὁ

71 2898 74 2903 ·
108 2887 256 2949 ministris
269 2903 442 2966 personum
453 2887 592 2949 tubarum
608 2887 747 2958 etlucem
764 2883 851 2945 testis
866 2883 1025 2980 inclusam,

95 2980 172 3055 ¹hoo
195 2999 250 3065 est,
272 3009 327 3071 per
349 2993 472 3055 verbum
496 2979 526 3053 et
547 2989 686 3069 spiritum
709 2996 856 3052 sanctum
869 2988 911 3050 ita
932 2995 1024 3051 terret
1072 3046 1080 3052 .

108 3114 148 3161 oc
170 3105 274 3160 movet
295 3097 403 3160 hostes
425 3097 530 3176 populi
551 3095 622 3168 Dei,
644 3056 703 3157 ui
686 3095 910 3173 resipiscant,
938 3101 1024 3156 etse

109 3204 202 3282 ipsos
218 3203 358 3266 occidant
372 3204 438 3265 suis
452 3203 569 3281 gladiis,
593 3207 688 3279 utque
700 3200 801 3261 dicant
822 3199 860 3262 od
883 3206 1027 3277 pastores

109 3309 282 3371 animarum
304 3297 444 3380 suarum,
476 3300 612 3396 agnosco
634 3299 785 3384 peccasse
806 3321 854 3365 me
863 3351 874 3385 ,¹
907 3304 1027 3366 domine
1075 3307 1102 3377 ¹*

106 3419 231 3492 postor.
273 3415 431 3474 Antenor
454 3412 515 3473 vidi
536 3413 627 3475 tubas
649 3427 686 3473 ac
706 3418 813 3482 testos,
834 3425 914 3472 nuuc
936 3406 1026 3471 video
1052 3418 1054 3423 '

107 3519 267 3580 miseriam
290 3526 320 3580 et
341 3519 539 3597 perditionem
556 3532 724 3600 meamgac
746 3515 834 3578 doleo
856 3513 895 3576 de
915 3528 1027 3607 pecco·
1121 3591 1124 3597 ¹

105 3625 152 3686 tis
185 3632 288 3685 contra
308 3624 405 3687 Deum
434 3641 534 3687 meum
557 3641 575 3685 a
597 3637 646 3685 me
675 3623 845 3700 procaciter
872 3617 1027 3682 admissis.

107 3730 210 3793 Doleo
242 3746 290 3791 me
316 3737 518 3811 persecutum
542 3744 624 3823 esso·
642 3728 792 3809 populum
821 3724 890 3798 liei,
924 3739 1028 3801 vetem

135 3841 231 3901 Lutprrt
244 3841 301 3899 opp.
315 3853 375 3900 erog.
391 3841 441 3887 Vol.
453 3841 531 3917 xllllt.
778 3837 825 3910 24
