2258 4170
487 120 608 261 ,lissiae
721 127 726 134 x
960 133 1043 234 1'23'

100 373 183 420 sona
220 365 271 420 est
296 374 400 419 uerus
428 357 512 418 Deus
552 364 583 416 et
615 371 707 416 verus
748 348 919 432 homo*).'
945 340 1022 414 Hinc

58 495 63 504 ·
101 479 238 541 necesse
266 471 313 526 cst
347 463 454 540 sequi,
486 462 569 539 quod
597 461 637 523 sit
664 459 844 530 moriturus,
875 465 1020 536 tanquam
1065 441 1069 449 ’

84 567 212 654 ,horum
233 576 263 630 et
281 568 365 647 quod
387 570 429 630 sit
444 566 670 629 resurrecturus
692 583 731 627 ex
752 572 856 635 morte,
877 571 1022 642 tauquam

108 675 200 737 ileos
250 674 327 735 Hinc
372 681 501 751 apparet
551 687 677 748 regnum
718 669 828 732 Christi
851 666 905 747 **)
948 662 1040 730 esse'

80 779 265 873 „spirituale
286 787 399 842 etnon
428 778 596 855 corporale.
639 763 717 852 Ergo
739 792 798 837 non
827 758 946 853 polerit
957 775 1021 852 regi

49 954 51 961 ,
112 886 228 962 tegibus
249 901 288 947 ex
308 885 426 975 ratione
447 884 588 962 sumptis,
611 882 666 943 sed
688 882 755 944 solo
777 882 872 943 verbo
888 881 1023 959 spiritus,
1053 872 1056 877 ’

49 970 53 987 ’
114 992 161 1054 ubi
197 1007 250 1052 eor
284 991 313 1052 in
343 991 440 1068 gralia
467 1001 498 1052 et
524 998 579 1067 per
605 985 773 1064 gratiaml)
799 987 873 1048 vivit
901 995 932 1048 cl
953 986 1040 1063 agit,-

114 1097 236 1174 liberum
258 1097 297 1158 ab
330 1098 473 1159 omnibus
495 1094 628 1170 legibus,
661 1093 769 1171 poenis
795 1100 825 1154 et
848 1092 1024 1170 pavoribus.

191 1201 296 1264 Errant
317 1203 417 1280 igitur,
439 1203 492 1279 qui
514 1206 620 1278 putant
633 1197 867 1277 christum·**)
890 1215 962 1261 esse
981 1195 1024 1260 le·

89 1358 92 1375 .
119 1308 294 1386 potatorem,
316 1310 367 1386 qni
390 1309 499 1381 tormet
520 1319 630 1377 mores,
653 1312 683 1365 el
704 1294 784 1366 sicot
805 1304 949 1367 Socrates
971 1305 1029 1365 ali-.
1057 1340 1064 1353 .

117 1417 179 1494 quis
212 1387 353 1492 exempla
385 1413 521 1492 perlecta
555 1427 671 1471 morum
704 1419 864 1487 proponat.
913 1411 1025 1487 Quam·

118 1535 200 1600 quam
223 1521 304 1582 enim
326 1519 417 1581 etiam
443 1524 587 1579 externos
616 1515 753 1579 actiones
770 1518 893 1590 iormat,
923 1524 1025 1581 tamen
1107 1520 1121 1586 J

49 1672 52 1680 .
117 1629 236 1707 primum
266 1626 418 1709 internum
447 1622 602 1686 hominem
638 1621 779 1694 instituit,
817 1631 848 1684 et
883 1630 1023 1698 renovet,

117 1732 220 1794 deinde
251 1733 342 1793 etiam
374 1746 504 1808 corpus,
525 1744 648 1789 -manus
677 1736 707 1789 et
726 1729 833 1811 pedes
865 1729 1023 1806 gubernat

115 1838 210 1899 iidem
232 1838 313 1899 enim
335 1843 507 1914 sequuntur
528 1850 636 1912 opera,
666 1834 746 1896 sicut
774 1835 880 1897 umbra
909 1852 1023 1914 corpus
1096 1888 1099 1893 .

114 1943 256 2021 sequitur.
370 1940 377 1979 ·'

178 2108 463 2185 Speculatores
485 2107 539 2167 tui
560 2106 797 2166 levaverunt
817 2085 988 2170 vocem*
1036 2085 1053 2097 ”

193 2235 410 2312 Speculatores
424 2242 515 2296 vocat
531 2234 685 2320 ministros
699 2235 792 2305 verbi,
814 2235 865 2312 qui
889 2252 949 2298 uno
972 2252 1025 2302 ore

49 2330 55 2339 ”
119 2342 192 2402 lueto
212 2347 241 2400 el
267 2339 404 2416 iucundo
439 2342 610 2418 loquuntur.
653 2338 811 2416 Significat
831 2350 931 2402 tamen
956 2360 1026 2420 pro·

120 2434 176 2524 prie
196 2461 250 2522 per
270 2444 483 2522 speculatores
498 2446 726 2510 successionem
749 2446 842 2506 verbi.
871 2446 927 2507 Per
949 2465 1040 2525 apo:

118 2551 208 2612 stolos
230 2551 308 2610 enirn
332 2549 489 2613 tundalum
510 2558 559 2613 est
579 2567 705 2627 regnum
727 2549 854 2623 Christi,
877 2569 932 2629 per
952 2570 1024 2631 spe.

122 2658 262 2719 culalores
290 2662 391 2718 aulem
419 2665 614 2734 propagatur.
645 2656 750 2719 ¹Porro
774 2656 803 2716 in
832 2658 1024 2735 speculatore

61 2746 81 2817 ,⁵
123 2780 177 2825 vox
195 2760 367 2840 requiritur.
410 2746 511 2823 Nostri
540 2763 679 2839 episcopi
708 2760 801 2824 hodie
823 2771 893 2824 sunt
914 2756 1024 2841 specu·

119 2868 224 2930 latores
252 2867 320 2928 sine
352 2881 444 2938 voce,
480 2877 510 2927 et
539 2883 610 2928 vere
640 2869 714 2929 muti
748 2851 850 2937 canes.
892 2869 1025 2936 Pertinet
1096 2862 1103 2877 “

117 2980 212 3034 summ
235 2970 313 3032 hoec
334 2971 615 3050 quoqucparticula
639 2973 677 3033 ad
690 2974 923 3051 descriptionem
939 2978 1023 3053 regni

113 3076 237 3147 christi,
259 3085 293 3138 ut
313 3076 343 3137 id
365 3076 575 3138 discernamus
597 3077 636 3138 ab
658 3080 798 3142 omuibus
821 3073 887 3147 aliis
910 3084 1052 3190 regnis,
1117 3136 1120 3141 .

99 3175 191 3263 quod
214 3199 273 3245 noo
296 3182 326 3243 in
349 3182 456 3255 armis,
477 3183 523 3256 vi,
544 3183 662 3262 legibus
684 3185 845 3257 consistat,
873 3189 928 3249 sed
949 3163 1052 3250 sim·

105 3288 229 3368 pliciter
257 3288 289 3349 lu
317 3288 397 3350 laeto
417 3289 512 3353 verbo
535 3288 694 3366 evangelli
736 3291 781 3355 lle
803 3293 1023 3365 confundamus

108 3396 268 3474 politicum
291 3401 322 3454 et
343 3395 583 3458 ecclesiasticum
603 3380 739 3474 re'gnum.

159 3569 328 3639 &Christus
347 3569 418 3621 Deus
447 3577 474 3622 ct
491 3569 579 3624 homo.
616 3570 658 3638 ⁸⁰)
678 3569 773 3626 Chrisli
806 3527 918 3646 reguum!
946 3579 1021 3648 spiri,

103 3660 191 3718 tunle.
228 3661 297 3733 m)
315 3661 434 3717 Christos
453 3678 505 3725 non
523 3671 565 3719 est
583 3663 727 3733 legislator.

162 3761 193 3827 1)
211 3759 242 3812 ln
249 3754 303 3839 ,¹⁰ss
322 3757 391 3814 tlte
408 3757 517 3829 legitur:
536 3760 562 3812 in
582 3767 675 3831 elpes
694 3761 812 3830 gratiam
