<?xml version="1.0" encoding="UTF-8"?>
<!DOCTYPE html PUBLIC "-//W3C//DTD XHTML 1.0 Transitional//EN"
    "http://www.w3.org/TR/xhtml1/DTD/xhtml1-transitional.dtd">
<html xmlns="http://www.w3.org/1999/xhtml" xml:lang="en" lang="en">
 <head>
  <title>
</title>
<meta http-equiv="Content-Type" content="text/html;charset=utf-8" />
  <meta name='ocr-system' content='tesseract 3.04.00' />
  <meta name='ocr-capabilities' content='ocr_page ocr_carea ocr_par ocr_line ocrx_word'/>
</head>
<body>
  <div class='ocr_page' id='page_1' title='image "./exegeticaoperal01luthgoog_0408.png"; bbox 0 0 2258 4170; ppageno 0'>
   <div class='ocr_carea' id='block_1_1' title="bbox 122 118 1081 246">
    <p class='ocr_par' dir='ltr' id='par_1_1' title="bbox 122 118 1081 253">
     <span class='ocr_line' id='line_1_1' title="bbox 122 118 1081 246; baseline 0.002 -24"><span class='ocrx_word' id='word_1_1' title='bbox 122 175 145 197; x_wconf 62' lang='lat'><strong>‘¹</strong></span> <span class='ocrx_word' id='word_1_2' title='bbox 206 118 230 178; x_wconf 23' lang='lat'><strong>*⁸</strong></span> <span class='ocrx_word' id='word_1_3' title='bbox 314 212 325 234; x_wconf 51' lang='lat' dir='ltr'><em>s</em></span> <span class='ocrx_word' id='word_1_4' title='bbox 405 164 471 240; x_wconf 71' lang='lat' dir='ltr'><strong>(top.</strong></span> <span class='ocrx_word' id='word_1_5' title='bbox 493 156 522 223; x_wconf 83' lang='grc'><strong>9.</strong></span> <span class='ocrx_word' id='word_1_6' title='bbox 544 162 653 223; x_wconf 78' lang='lat' dir='ltr'><strong>Esaiae.</strong></span> <span class='ocrx_word' id='word_1_7' title='bbox 675 172 685 216; x_wconf 51' lang='grc' dir='ltr'><strong>ἰ</strong></span> <span class='ocrx_word' id='word_1_8' title='bbox 923 154 986 226; x_wconf 68' lang='lat'><strong>391</strong></span> <span class='ocrx_word' id='word_1_9' title='bbox 1079 242 1081 246; x_wconf 7' lang='grc' dir='ltr'><strong>λ</strong></span> 
     </span>
    </p>
   </div>
   <div class='ocr_carea' id='block_1_2' title="bbox 72 328 1096 2439">
    <p class='ocr_par' dir='ltr' id='par_1_2' title="bbox 72 328 1096 2439">
     <span class='ocr_line' id='line_1_2' title="bbox 77 328 986 419; baseline -0.003 -14"><span class='ocrx_word' id='word_1_10' title='bbox 77 359 121 405; x_wconf 88' lang='lat' dir='ltr'><strong>ne</strong></span> <span class='ocrx_word' id='word_1_11' title='bbox 142 349 235 405; x_wconf 88' lang='lat' dir='ltr'><strong>terret</strong></span> <span class='ocrx_word' id='word_1_12' title='bbox 253 328 339 419; x_wconf 79' lang='lat' dir='ltr'><strong>mors</strong></span> <span class='ocrx_word' id='word_1_13' title='bbox 369 350 422 403; x_wconf 85' lang='lat' dir='ltr'><strong>aut</strong></span> <span class='ocrx_word' id='word_1_14' title='bbox 448 349 546 405; x_wconf 82' lang='lat' dir='ltr'><strong>vexat·</strong></span> <span class='ocrx_word' id='word_1_15' title='bbox 569 338 769 413; x_wconf 78' lang='lat' dir='ltr'><strong>conscientie,</strong></span> <span class='ocrx_word' id='word_1_16' title='bbox 803 339 986 418; x_wconf 77' lang='lat' dir='ltr'><strong>respondeo,</strong></span> 
     </span>
     <span class='ocr_line' id='line_1_3' title="bbox 77 445 1068 523; baseline -0.002 -14"><span class='ocrx_word' id='word_1_17' title='bbox 77 449 177 523; x_wconf 84' lang='lat' dir='ltr'><strong>Vnde,</strong></span> <span class='ocrx_word' id='word_1_18' title='bbox 196 465 324 510; x_wconf 25' lang='lat' dir='ltr'><strong>*exerce</strong></span> <span class='ocrx_word' id='word_1_19' title='bbox 350 448 516 511; x_wconf 88' lang='lat' dir='ltr'><strong>dominium</strong></span> <span class='ocrx_word' id='word_1_20' title='bbox 545 451 629 512; x_wconf 89' lang='lat' dir='ltr'><strong>tunm</strong></span> <span class='ocrx_word' id='word_1_21' title='bbox 651 448 681 509; x_wconf 90' lang='lat' dir='ltr'><strong>in</strong></span> <span class='ocrx_word' id='word_1_22' title='bbox 703 463 839 520; x_wconf 82' lang='lat' dir='ltr'><strong>earnem,</strong></span> <span class='ocrx_word' id='word_1_23' title='bbox 871 445 988 512; x_wconf 77' lang='lat' dir='ltr'><strong>dimitte</strong></span> <span class='ocrx_word' id='word_1_24' title='bbox 1063 498 1068 507; x_wconf 83' lang='grc'><em>.</em></span> 
     </span>
     <span class='ocr_line' id='line_1_4' title="bbox 77 544 1073 640; baseline -0.001 -24"><span class='ocrx_word' id='word_1_25' title='bbox 77 555 205 628; x_wconf 71' lang='lat' dir='ltr'><strong>enimam</strong></span> <span class='ocrx_word' id='word_1_26' title='bbox 228 561 259 616; x_wconf 89' lang='lat' dir='ltr'><strong>et</strong></span> <span class='ocrx_word' id='word_1_27' title='bbox 280 554 498 619; x_wconf 78' lang='lat' dir='ltr'><strong>conscientiam</strong></span> <span class='ocrx_word' id='word_1_28' title='bbox 527 555 558 615; x_wconf 92' lang='lat' dir='ltr'><strong>in</strong></span> <span class='ocrx_word' id='word_1_29' title='bbox 587 569 671 633; x_wconf 80' lang='lat' dir='ltr'><strong>paee.</strong></span> <span class='ocrx_word' id='word_1_30' title='bbox 714 552 781 640; x_wconf 79' lang='lat' dir='ltr'><strong>Non</strong></span> <span class='ocrx_word' id='word_1_31' title='bbox 810 558 871 626; x_wconf 86' lang='lat' dir='ltr'><strong>est,</strong></span> <span class='ocrx_word' id='word_1_32' title='bbox 903 553 987 632; x_wconf 89' lang='lat' dir='ltr'><strong>quod</strong></span> <span class='ocrx_word' id='word_1_33' title='bbox 1067 544 1073 555; x_wconf 81' lang='grc'><em>’</em></span> 
     </span>
     <span class='ocr_line' id='line_1_5' title="bbox 76 656 987 744; baseline -0.001 -21"><span class='ocrx_word' id='word_1_34' title='bbox 76 677 122 723; x_wconf 75' lang='grc' dir='ltr'><strong>ωε</strong></span> <span class='ocrx_word' id='word_1_35' title='bbox 143 668 275 744; x_wconf 81' lang='lat' dir='ltr'><strong>terreas,</strong></span> <span class='ocrx_word' id='word_1_36' title='bbox 297 677 395 733; x_wconf 89' lang='lat' dir='ltr'><strong>mors,</strong></span> <span class='ocrx_word' id='word_1_37' title='bbox 418 661 511 723; x_wconf 86' lang='lat' dir='ltr'><strong>oredo</strong></span> <span class='ocrx_word' id='word_1_38' title='bbox 533 661 562 722; x_wconf 91' lang='lat' dir='ltr'><strong>in</strong></span> <span class='ocrx_word' id='word_1_39' title='bbox 584 660 690 722; x_wconf 82' lang='lat' dir='ltr'><strong>desum</strong></span> <span class='ocrx_word' id='word_1_40' title='bbox 712 656 987 731; x_wconf 77' lang='lat' dir='ltr'><strong>Christum,·tttium</strong></span> 
     </span>
     <span class='ocr_line' id='line_1_6' title="bbox 76 763 988 856; baseline 0.003 -29"><span class='ocrx_word' id='word_1_41' title='bbox 76 766 137 828; x_wconf 84' lang='lat' dir='ltr'><strong>Dei.</strong></span> <span class='ocrx_word' id='word_1_42' title='bbox 169 766 258 843; x_wconf 65' lang='lat' dir='ltr'><strong>Quid</strong></span> <span class='ocrx_word' id='word_1_43' title='bbox 281 768 309 828; x_wconf 87' lang='lat' dir='ltr'><strong>in</strong></span> <span class='ocrx_word' id='word_1_44' title='bbox 331 768 412 829; x_wconf 84' lang='lat' dir='ltr'><strong>ilium</strong></span> <span class='ocrx_word' id='word_1_45' title='bbox 435 767 488 829; x_wconf 88' lang='lat' dir='ltr'><strong>tibi</strong></span> <span class='ocrx_word' id='word_1_46' title='bbox 510 773 558 830; x_wconf 88' lang='lat' dir='ltr'><strong>est</strong></span> <span class='ocrx_word' id='word_1_47' title='bbox 575 765 674 843; x_wconf 81' lang='lat' dir='ltr'><strong>jnrist</strong></span> <span class='ocrx_word' id='word_1_48' title='bbox 709 763 786 842; x_wconf 76' lang='lat' dir='ltr'><strong>Quid</strong></span> <span class='ocrx_word' id='word_1_49' title='bbox 808 765 848 825; x_wconf 88' lang='lat' dir='ltr'><strong>illi</strong></span> <span class='ocrx_word' id='word_1_50' title='bbox 870 763 988 856; x_wconf 72' lang='lat' dir='ltr'><strong>iacies?</strong></span> 
     </span>
     <span class='ocr_line' id='line_1_7' title="bbox 76 871 1064 963; baseline 0.001 -30"><span class='ocrx_word' id='word_1_51' title='bbox 76 872 101 934; x_wconf 85' lang='lat' dir='ltr'><strong>[s</strong></span> <span class='ocrx_word' id='word_1_52' title='bbox 124 872 216 934; x_wconf 79' lang='lat' dir='ltr'><strong>dotus</strong></span> <span class='ocrx_word' id='word_1_53' title='bbox 239 879 287 934; x_wconf 93' lang='lat' dir='ltr'><strong>est</strong></span> <span class='ocrx_word' id='word_1_54' title='bbox 308 872 389 947; x_wconf 87' lang='lat' dir='ltr'><strong>mihi,</strong></span> <span class='ocrx_word' id='word_1_55' title='bbox 411 879 521 952; x_wconf 88' lang='lat' dir='ltr'><strong>estque</strong></span> <span class='ocrx_word' id='word_1_56' title='bbox 533 888 604 935; x_wconf 89' lang='lat' dir='ltr'><strong>vere</strong></span> <span class='ocrx_word' id='word_1_57' title='bbox 625 871 713 946; x_wconf 88' lang='lat' dir='ltr'><strong>fitius,</strong></span> <span class='ocrx_word' id='word_1_58' title='bbox 735 874 787 951; x_wconf 87' lang='lat' dir='ltr'><strong>qui</strong></span> <span class='ocrx_word' id='word_1_59' title='bbox 810 880 857 934; x_wconf 86' lang='lat' dir='ltr'><strong>est</strong></span> <span class='ocrx_word' id='word_1_60' title='bbox 877 872 988 934; x_wconf 78' lang='lat' dir='ltr'><strong>tibere·</strong></span> <span class='ocrx_word' id='word_1_61' title='bbox 1060 946 1064 963; x_wconf 42' lang='grc' dir='ltr'>Ι</span> 
     </span>
     <span class='ocr_line' id='line_1_8' title="bbox 76 977 1051 1057; baseline 0.001 -17"><span class='ocrx_word' id='word_1_62' title='bbox 76 987 133 1050; x_wconf 87' lang='lat' dir='ltr'><strong>tor,</strong></span> <span class='ocrx_word' id='word_1_63' title='bbox 162 979 295 1041; x_wconf 82' lang='lat' dir='ltr'><strong>‘libertas</strong></span> <span class='ocrx_word' id='word_1_64' title='bbox 326 987 356 1040; x_wconf 88' lang='lat' dir='ltr'><strong>et</strong></span> <span class='ocrx_word' id='word_1_65' title='bbox 387 977 540 1053; x_wconf 83' lang='lat' dir='ltr'><strong>liberatio,</strong></span> <span class='ocrx_word' id='word_1_66' title='bbox 579 979 743 1057; x_wconf 80' lang='lat' dir='ltr'><strong>snpientia,</strong></span> <span class='ocrx_word' id='word_1_67' title='bbox 764 979 926 1041; x_wconf 87' lang='lat' dir='ltr'><strong>redemtio</strong></span> <span class='ocrx_word' id='word_1_68' title='bbox 958 987 989 1042; x_wconf 85' lang='lat' dir='ltr'><strong>et</strong></span> <span class='ocrx_word' id='word_1_69' title='bbox 1047 1041 1051 1048; x_wconf 81' lang='grc'>,</span> 
     </span>
     <span class='ocr_line' id='line_1_9' title="bbox 75 1064 989 1157; baseline 0.002 -11"><span class='ocrx_word' id='word_1_70' title='bbox 75 1084 190 1152; x_wconf 83' lang='lat' dir='ltr'><strong>iustitie</strong></span> <span class='ocrx_word' id='word_1_71' title='bbox 225 1100 308 1157; x_wconf 83' lang='lat' dir='ltr'><strong>meo,</strong></span> <span class='ocrx_word' id='word_1_72' title='bbox 342 1064 524 1148; x_wconf 69' lang='lat' dir='ltr'><strong>1.&#39;corintn.</strong></span> <span class='ocrx_word' id='word_1_73' title='bbox 556 1087 583 1149; x_wconf 90' lang='lat'><strong>1.</strong></span> <span class='ocrx_word' id='word_1_74' title='bbox 614 1085 652 1146; x_wconf 86' lang='lat' dir='ltr'><strong>Et</strong></span> <span class='ocrx_word' id='word_1_75' title='bbox 677 1085 785 1148; x_wconf 83' lang='lat' dir='ltr'><strong>Johnn.</strong></span> <span class='ocrx_word' id='word_1_76' title='bbox 815 1084 869 1148; x_wconf 87' lang='lat'><strong>11·</strong></span> <span class='ocrx_word' id='word_1_77' title='bbox 890 1091 921 1146; x_wconf 90' lang='lat' dir='ltr'><strong>et</strong></span> <span class='ocrx_word' id='word_1_78' title='bbox 950 1082 989 1148; x_wconf 80' lang='lat'><strong>14</strong></span> 
     </span>
     <span class='ocr_line' id='line_1_10' title="bbox 75 1191 1062 1266; baseline 0.002 -14"><span class='ocrx_word' id='word_1_79' title='bbox 75 1197 216 1252; x_wconf 75' lang='lat' dir='ltr'><strong>estatur·</strong></span> <span class='ocrx_word' id='word_1_80' title='bbox 243 1207 278 1252; x_wconf 94' lang='lat' dir='ltr'><strong>se</strong></span> <span class='ocrx_word' id='word_1_81' title='bbox 319 1206 391 1253; x_wconf 89' lang='lat' dir='ltr'><strong>esse</strong></span> <span class='ocrx_word' id='word_1_82' title='bbox 429 1193 698 1266; x_wconf 82' lang='lat' dir='ltr'><strong>resurrectionem,</strong></span> <span class='ocrx_word' id='word_1_83' title='bbox 741 1191 835 1263; x_wconf 83' lang='lat' dir='ltr'><strong>viem,</strong></span> <span class='ocrx_word' id='word_1_84' title='bbox 877 1191 988 1253; x_wconf 82' lang='lat' dir='ltr'><strong>verita·</strong></span> <span class='ocrx_word' id='word_1_85' title='bbox 1053 1230 1062 1254; x_wconf 54' lang='grc' dir='ltr'><strong>ι</strong></span> 
     </span>
     <span class='ocr_line' id='line_1_11' title="bbox 75 1280 1060 1370; baseline 0 -12"><span class='ocrx_word' id='word_1_86' title='bbox 75 1313 149 1370; x_wconf 82' lang='lat' dir='ltr'><strong>em,</strong></span> <span class='ocrx_word' id='word_1_87' title='bbox 172 1296 275 1357; x_wconf 82' lang='lat' dir='ltr'><strong>vitem.</strong></span> <span class='ocrx_word' id='word_1_88' title='bbox 996 1294 997 1300; x_wconf 74' lang='grc'>’</span> <span class='ocrx_word' id='word_1_89' title='bbox 1055 1280 1060 1317; x_wconf 63' lang='lat'><strong>⁴·</strong></span> 
     </span>
     <span class='ocr_line' id='line_1_12' title="bbox 156 1395 1048 1482; baseline 0.003 -18"><span class='ocrx_word' id='word_1_90' title='bbox 156 1402 209 1464; x_wconf 87' lang='lat' dir='ltr'><strong>Sie</strong></span> <span class='ocrx_word' id='word_1_91' title='bbox 231 1420 293 1464; x_wconf 88' lang='lat' dir='ltr'><strong>vox</strong></span> <span class='ocrx_word' id='word_1_92' title='bbox 319 1401 370 1462; x_wconf 83' lang='lat' dir='ltr'><strong>titii</strong></span> <span class='ocrx_word' id='word_1_93' title='bbox 400 1395 527 1464; x_wconf 77' lang='lat' dir='ltr'><strong>&#39;reintive</strong></span> <span class='ocrx_word' id='word_1_94' title='bbox 555 1403 697 1482; x_wconf 84' lang='lat' dir='ltr'><strong>exposita</strong></span> <span class='ocrx_word' id='word_1_95' title='bbox 726 1405 903 1465; x_wconf 82' lang='lat' dir='ltr'><strong>consolatur</strong></span> <span class='ocrx_word' id='word_1_96' title='bbox 928 1420 986 1467; x_wconf 87' lang='lat' dir='ltr'><strong>nos</strong></span> <span class='ocrx_word' id='word_1_97' title='bbox 1043 1448 1048 1456; x_wconf 70' lang='lat'><strong>·</strong></span> 
     </span>
     <span class='ocr_line' id='line_1_13' title="bbox 74 1485 987 1596; baseline 0 -26"><span class='ocrx_word' id='word_1_98' title='bbox 74 1485 179 1583; x_wconf 76' lang='lat' dir='ltr'><strong>eontra</strong></span> <span class='ocrx_word' id='word_1_99' title='bbox 209 1509 387 1596; x_wconf 80' lang='lat' dir='ltr'><strong>servitutem</strong></span> <span class='ocrx_word' id='word_1_100' title='bbox 419 1511 554 1587; x_wconf 83' lang='lat' dir='ltr'><strong>peccati,</strong></span> <span class='ocrx_word' id='word_1_101' title='bbox 593 1498 699 1572; x_wconf 85' lang='lat' dir='ltr'><strong>mortis</strong></span> <span class='ocrx_word' id='word_1_102' title='bbox 727 1519 757 1572; x_wconf 91' lang='lat' dir='ltr'><strong>et</strong></span> <span class='ocrx_word' id='word_1_103' title='bbox 787 1510 908 1583; x_wconf 84' lang='lat' dir='ltr'><strong>interni,</strong></span> <span class='ocrx_word' id='word_1_104' title='bbox 940 1509 987 1591; x_wconf 76' lang='lat' dir='ltr'><strong>sie</strong></span> 
     </span>
     <span class='ocr_line' id='line_1_14' title="bbox 74 1600 1039 1696; baseline 0.003 -20"><span class='ocrx_word' id='word_1_105' title='bbox 74 1615 171 1676; x_wconf 85' lang='lat' dir='ltr'><strong>omnis</strong></span> <span class='ocrx_word' id='word_1_106' title='bbox 201 1600 405 1696; x_wconf 51' lang='lat' dir='ltr'><strong>christinus,</strong></span> <span class='ocrx_word' id='word_1_107' title='bbox 443 1624 590 1694; x_wconf 84' lang='lat' dir='ltr'><strong>quantum</strong></span> <span class='ocrx_word' id='word_1_108' title='bbox 620 1615 724 1678; x_wconf 78' lang='lat' dir='ltr'><strong>attinet</strong></span> <span class='ocrx_word' id='word_1_109' title='bbox 756 1616 794 1677; x_wconf 84' lang='lat' dir='ltr'><strong>ad</strong></span> <span class='ocrx_word' id='word_1_110' title='bbox 820 1622 986 1679; x_wconf 85' lang='lat' dir='ltr'><strong>externum</strong></span> <span class='ocrx_word' id='word_1_111' title='bbox 1036 1608 1039 1612; x_wconf 73' lang='grc'><strong>’</strong></span> 
     </span>
     <span class='ocr_line' id='line_1_15' title="bbox 74 1708 985 1800; baseline 0.005 -20"><span class='ocrx_word' id='word_1_112' title='bbox 74 1719 228 1783; x_wconf 88' lang='lat' dir='ltr'><strong>hominem</strong></span> <span class='ocrx_word' id='word_1_113' title='bbox 250 1730 350 1795; x_wconf 87' lang='lat' dir='ltr'><strong>snum,</strong></span> <span class='ocrx_word' id='word_1_114' title='bbox 372 1729 420 1784; x_wconf 89' lang='lat' dir='ltr'><strong>est</strong></span> <span class='ocrx_word' id='word_1_115' title='bbox 440 1724 500 1785; x_wconf 91' lang='lat' dir='ltr'><strong>sub</strong></span> <span class='ocrx_word' id='word_1_116' title='bbox 514 1723 600 1785; x_wconf 86' lang='lat' dir='ltr'><strong>Mose</strong></span> <span class='ocrx_word' id='word_1_117' title='bbox 622 1738 678 1787; x_wconf 89' lang='lat' dir='ltr'><strong>seu</strong></span> <span class='ocrx_word' id='word_1_118' title='bbox 701 1722 776 1800; x_wconf 76' lang='lat' dir='ltr'><strong>tege,</strong></span> <span class='ocrx_word' id='word_1_119' title='bbox 798 1723 857 1785; x_wconf 88' lang='lat' dir='ltr'><strong>sub</strong></span> <span class='ocrx_word' id='word_1_120' title='bbox 880 1708 985 1796; x_wconf 79' lang='lat' dir='ltr'><strong>inerte,</strong></span> 
     </span>
     <span class='ocr_line' id='line_1_16' title="bbox 73 1806 1081 1906; baseline 0.007 -20"><span class='ocrx_word' id='word_1_121' title='bbox 73 1806 188 1889; x_wconf 79' lang='lat' dir='ltr'><strong>interno</strong></span> <span class='ocrx_word' id='word_1_122' title='bbox 210 1834 241 1888; x_wconf 93' lang='lat' dir='ltr'><strong>et</strong></span> <span class='ocrx_word' id='word_1_123' title='bbox 261 1827 400 1900; x_wconf 53' lang='lat' dir='ltr'><strong>diobolo⁵</strong></span> <span class='ocrx_word' id='word_1_124' title='bbox 435 1829 507 1906; x_wconf 84' lang='lat' dir='ltr'><strong>quia</strong></span> <span class='ocrx_word' id='word_1_125' title='bbox 536 1836 679 1890; x_wconf 88' lang='lat' dir='ltr'><strong>externus</strong></span> <span class='ocrx_word' id='word_1_126' title='bbox 710 1830 758 1904; x_wconf 80' lang='lat' dir='ltr'><strong>vel</strong></span> <span class='ocrx_word' id='word_1_127' title='bbox 780 1836 868 1890; x_wconf 87' lang='lat' dir='ltr'><strong>vetus</strong></span> <span class='ocrx_word' id='word_1_128' title='bbox 889 1828 996 1892; x_wconf 81' lang='lat' dir='ltr'><strong>tronto·</strong></span> <span class='ocrx_word' id='word_1_129' title='bbox 1078 1870 1081 1876; x_wconf 92' lang='lat'><em>·</em></span> 
     </span>
     <span class='ocr_line' id='line_1_17' title="bbox 73 1908 996 2025; baseline 0.002 -31"><span class='ocrx_word' id='word_1_130' title='bbox 73 1931 173 1996; x_wconf 88' lang='lat' dir='ltr'><strong>ndhue</strong></span> <span class='ocrx_word' id='word_1_131' title='bbox 200 1932 423 2010; x_wconf 82' lang='lat' dir='ltr'><strong>crucifigendus</strong></span> <span class='ocrx_word' id='word_1_132' title='bbox 443 1943 499 1996; x_wconf 90' lang='lat' dir='ltr'><strong>-est</strong></span> <span class='ocrx_word' id='word_1_133' title='bbox 528 1942 558 1996; x_wconf 90' lang='lat' dir='ltr'><strong>et</strong></span> <span class='ocrx_word' id='word_1_134' title='bbox 587 1908 825 2025; x_wconf 74' lang='lat' dir='ltr'><strong>mortificandus.</strong></span> <span class='ocrx_word' id='word_1_135' title='bbox 869 1934 996 1997; x_wconf 87' lang='lat' dir='ltr'><strong>Seeun··</strong></span> 
     </span>
     <span class='ocr_line' id='line_1_18' title="bbox 73 2021 1096 2119; baseline 0 -17"><span class='ocrx_word' id='word_1_136' title='bbox 73 2039 143 2102; x_wconf 88' lang='lat' dir='ltr'><strong>dnm</strong></span> <span class='ocrx_word' id='word_1_137' title='bbox 164 2037 258 2101; x_wconf 88' lang='lat' dir='ltr'><strong>fidem</strong></span> <span class='ocrx_word' id='word_1_138' title='bbox 280 2047 381 2102; x_wconf 85' lang='lat' dir='ltr'><strong>antem</strong></span> <span class='ocrx_word' id='word_1_139' title='bbox 390 2044 496 2107; x_wconf 77' lang='lat' dir='ltr'><strong>nonus</strong></span> <span class='ocrx_word' id='word_1_140' title='bbox 508 2040 558 2100; x_wconf 86' lang='lat' dir='ltr'><strong>itte</strong></span> <span class='ocrx_word' id='word_1_141' title='bbox 568 2038 663 2104; x_wconf 88' lang='lat' dir='ltr'><strong>horno</strong></span> <span class='ocrx_word' id='word_1_142' title='bbox 675 2039 876 2119; x_wconf 80' lang='lat' dir='ltr'><strong>apprehendit</strong></span> <span class='ocrx_word' id='word_1_143' title='bbox 889 2039 984 2103; x_wconf 87' lang='lat' dir='ltr'><strong>fitium</strong></span> <span class='ocrx_word' id='word_1_144' title='bbox 1091 2021 1096 2031; x_wconf 50' lang='lat'>⁵</span> 
     </span>
     <span class='ocr_line' id='line_1_19' title="bbox 73 2137 985 2233; baseline 0.004 -25"><span class='ocrx_word' id='word_1_145' title='bbox 73 2147 153 2208; x_wconf 84' lang='lat' dir='ltr'><strong>iilum</strong></span> <span class='ocrx_word' id='word_1_146' title='bbox 177 2146 298 2218; x_wconf 85' lang='lat' dir='ltr'><strong>datum,</strong></span> <span class='ocrx_word' id='word_1_147' title='bbox 320 2152 430 2224; x_wconf 88' lang='lat' dir='ltr'><strong>estque</strong></span> <span class='ocrx_word' id='word_1_148' title='bbox 451 2145 594 2209; x_wconf 89' lang='lat' dir='ltr'><strong>dominus</strong></span> <span class='ocrx_word' id='word_1_149' title='bbox 617 2146 850 2225; x_wconf 73' lang='lat' dir='ltr'><strong>mortis31egts‚</strong></span> <span class='ocrx_word' id='word_1_150' title='bbox 878 2137 985 2233; x_wconf 74' lang='lat' dir='ltr'><strong>inferni</strong></span> 
     </span>
     <span class='ocr_line' id='line_1_20' title="bbox 72 2238 1001 2329; baseline -0.006 -13"><span class='ocrx_word' id='word_1_151' title='bbox 72 2263 98 2316; x_wconf 89' lang='lat' dir='ltr'><strong>et</strong></span> <span class='ocrx_word' id='word_1_152' title='bbox 120 2253 244 2325; x_wconf 87' lang='lat' dir='ltr'><strong>dioboli,</strong></span> <span class='ocrx_word' id='word_1_153' title='bbox 266 2238 416 2315; x_wconf 84' lang='lat' dir='ltr'><strong>aedicere</strong></span> <span class='ocrx_word' id='word_1_154' title='bbox 429 2254 540 2329; x_wconf 83' lang='lat' dir='ltr'><strong>potest,</strong></span> <span class='ocrx_word' id='word_1_155' title='bbox 556 2251 621 2314; x_wconf 83' lang='lat' dir='ltr'><strong>ttbi</strong></span> <span class='ocrx_word' id='word_1_156' title='bbox 636 2268 720 2316; x_wconf 88' lang='lat' dir='ltr'><strong>mors</strong></span> <span class='ocrx_word' id='word_1_157' title='bbox 733 2253 875 2316; x_wconf 84' lang='lat' dir='ltr'><strong>stimulus</strong></span> <span class='ocrx_word' id='word_1_158' title='bbox 892 2254 1001 2316; x_wconf 83' lang='lat' dir='ltr'><strong>toust.</strong></span> 
     </span>
     <span class='ocr_line' id='line_1_21' title="bbox 72 2359 1019 2439; baseline -0.001 -17"><span class='ocrx_word' id='word_1_159' title='bbox 72 2359 135 2432; x_wconf 82' lang='lat' dir='ltr'>Ubi,</span> <span class='ocrx_word' id='word_1_160' title='bbox 156 2360 279 2437; x_wconf 74' lang='lat' dir='ltr'><strong>interne,</strong></span> <span class='ocrx_word' id='word_1_161' title='bbox 303 2359 525 2433; x_wconf 70' lang='lat' dir='ltr'><strong>victoriaonat</strong></span> <span class='ocrx_word' id='word_1_162' title='bbox 547 2359 607 2431; x_wconf 82' lang='lat' dir='ltr'><strong>Sic,</strong></span> <span class='ocrx_word' id='word_1_163' title='bbox 626 2360 761 2439; x_wconf 80' lang='lat' dir='ltr'><strong>inquam,</strong></span> <span class='ocrx_word' id='word_1_164' title='bbox 782 2359 855 2421; x_wconf 86' lang='lat' dir='ltr'><strong>dicit</strong></span> <span class='ocrx_word' id='word_1_165' title='bbox 875 2375 985 2422; x_wconf 55' lang='lat' dir='ltr'><strong>seeunz</strong></span> <span class='ocrx_word' id='word_1_166' title='bbox 1015 2360 1019 2377; x_wconf 91' lang='lat'>&#39;</span> 
     </span>
    </p>
   </div>
   <div class='ocr_carea' id='block_1_3' title="bbox 72 2446 1110 2543">
    <p class='ocr_par' dir='ltr' id='par_1_3' title="bbox 72 2446 1110 2543">
     <span class='ocr_line' id='line_1_22' title="bbox 72 2446 1110 2543; baseline 0.003 -15"><span class='ocrx_word' id='word_1_167' title='bbox 72 2467 142 2529; x_wconf 89' lang='lat' dir='ltr'><strong>dum</strong></span> <span class='ocrx_word' id='word_1_168' title='bbox 164 2464 266 2538; x_wconf 85' lang='lat' dir='ltr'><strong>fidem,</strong></span> <span class='ocrx_word' id='word_1_169' title='bbox 288 2482 350 2543; x_wconf 86' lang='lat' dir='ltr'><strong>qua</strong></span> <span class='ocrx_word' id='word_1_170' title='bbox 363 2465 459 2528; x_wconf 84' lang='lat' dir='ltr'><strong>eredit</strong></span> <span class='ocrx_word' id='word_1_171' title='bbox 480 2465 510 2527; x_wconf 93' lang='lat' dir='ltr'><strong>in</strong></span> <span class='ocrx_word' id='word_1_172' title='bbox 531 2463 625 2527; x_wconf 82' lang='lat' dir='ltr'><strong>titium</strong></span> <span class='ocrx_word' id='word_1_173' title='bbox 645 2466 735 2529; x_wconf 91' lang='lat' dir='ltr'><strong>nobis</strong></span> <span class='ocrx_word' id='word_1_174' title='bbox 757 2465 871 2528; x_wconf 83' lang='lat' dir='ltr'><strong>datum.</strong></span> <span class='ocrx_word' id='word_1_175' title='bbox 894 2446 1007 2530; x_wconf 66' lang='lat' dir='ltr'><strong>dioec*</strong></span> <span class='ocrx_word' id='word_1_176' title='bbox 1102 2471 1110 2482; x_wconf 87' lang='lat'><em>&#39;</em></span> 
     </span>
    </p>
   </div>
   <div class='ocr_carea' id='block_1_4' title="bbox 71 2571 984 2755">
    <p class='ocr_par' dir='ltr' id='par_1_4' title="bbox 71 2571 984 2755">
     <span class='ocr_line' id='line_1_23' title="bbox 72 2571 984 2657; baseline 0.001 -23"><span class='ocrx_word' id='word_1_177' title='bbox 72 2581 115 2635; x_wconf 80' lang='lat' dir='ltr'><strong>est</strong></span> <span class='ocrx_word' id='word_1_178' title='bbox 138 2573 264 2634; x_wconf 83' lang='lat' dir='ltr'><strong>libertos</strong></span> <span class='ocrx_word' id='word_1_179' title='bbox 293 2578 415 2646; x_wconf 83' lang='lat' dir='ltr'><strong>nostra,</strong></span> <span class='ocrx_word' id='word_1_180' title='bbox 437 2577 525 2650; x_wconf 79' lang='lat' dir='ltr'><strong>parto</strong></span> <span class='ocrx_word' id='word_1_181' title='bbox 556 2571 646 2634; x_wconf 89' lang='lat' dir='ltr'><strong>nobis</strong></span> <span class='ocrx_word' id='word_1_182' title='bbox 675 2587 731 2650; x_wconf 89' lang='lat' dir='ltr'><strong>per</strong></span> <span class='ocrx_word' id='word_1_183' title='bbox 760 2572 984 2657; x_wconf 74' lang='lat' dir='ltr'><strong>hunorogern,</strong></span> 
     </span>
     <span class='ocr_line' id='line_1_24' title="bbox 71 2677 922 2755; baseline 0 -15"><span class='ocrx_word' id='word_1_184' title='bbox 71 2679 176 2742; x_wconf 80' lang='lat' dir='ltr'><strong>dotum</strong></span> <span class='ocrx_word' id='word_1_185' title='bbox 198 2678 288 2741; x_wconf 89' lang='lat' dir='ltr'><strong>nobis</strong></span> <span class='ocrx_word' id='word_1_186' title='bbox 309 2677 420 2750; x_wconf 85' lang='lat' dir='ltr'><strong>fitium,</strong></span> <span class='ocrx_word' id='word_1_187' title='bbox 440 2684 546 2740; x_wconf 84' lang='lat' dir='ltr'><strong>contro</strong></span> <span class='ocrx_word' id='word_1_188' title='bbox 568 2678 746 2741; x_wconf 88' lang='lat' dir='ltr'><strong>servitutem</strong></span> <span class='ocrx_word' id='word_1_189' title='bbox 767 2679 844 2755; x_wconf 79' lang='lat' dir='ltr'><strong>tegis</strong></span> <span class='ocrx_word' id='word_1_190' title='bbox 865 2686 922 2741; x_wconf 84' lang='lat' dir='ltr'><strong>etc.</strong></span> 
     </span>
    </p>
   </div>
   <div class='ocr_carea' id='block_1_5' title="bbox 150 2765 1107 2872">
    <p class='ocr_par' dir='ltr' id='par_1_5' title="bbox 150 2765 1107 2872">
     <span class='ocr_line' id='line_1_25' title="bbox 150 2765 1107 2872; baseline 0.006 -28"><span class='ocrx_word' id='word_1_191' title='bbox 150 2783 357 2872; x_wconf 28' lang='lat' dir='ltr'><strong>igiturxaeute</strong></span> <span class='ocrx_word' id='word_1_192' title='bbox 379 2791 409 2846; x_wconf 90' lang='lat' dir='ltr'><strong>et</strong></span> <span class='ocrx_word' id='word_1_193' title='bbox 429 2784 795 2861; x_wconf 76' lang='lat' dir='ltr'><strong>probe-distinguendum</strong></span> <span class='ocrx_word' id='word_1_194' title='bbox 818 2766 875 2871; x_wconf 59' lang='lat' dir='ltr'><strong>¹es&#39;t</strong></span> <span class='ocrx_word' id='word_1_195' title='bbox 906 2782 991 2859; x_wconf 86' lang='lat' dir='ltr'><strong>inter</strong></span> <span class='ocrx_word' id='word_1_196' title='bbox 1024 2765 1028 2771; x_wconf 31' lang='lat'>⁵</span> <span class='ocrx_word' id='word_1_197' title='bbox 1093 2778 1107 2861; x_wconf 66' lang='lat' dir='ltr'><strong><em>f</em></strong></span> 
     </span>
    </p>
   </div>
   <div class='ocr_carea' id='block_1_6' title="bbox 69 2887 1065 3839">
    <p class='ocr_par' dir='ltr' id='par_1_6' title="bbox 69 2887 1065 3839">
     <span class='ocr_line' id='line_1_26' title="bbox 71 2887 981 2962; baseline 0.002 -10"><span class='ocrx_word' id='word_1_198' title='bbox 71 2888 222 2954; x_wconf 71' lang='lat' dir='ltr'><strong>christum</strong></span> <span class='ocrx_word' id='word_1_199' title='bbox 245 2898 275 2953; x_wconf 87' lang='lat' dir='ltr'><strong>et</strong></span> <span class='ocrx_word' id='word_1_200' title='bbox 296 2890 411 2962; x_wconf 84' lang='lat' dir='ltr'><strong>Mosen,</strong></span> <span class='ocrx_word' id='word_1_201' title='bbox 432 2887 623 2952; x_wconf 79' lang='lat' dir='ltr'><strong>interditum</strong></span> <span class='ocrx_word' id='word_1_202' title='bbox 646 2898 676 2952; x_wconf 90' lang='lat' dir='ltr'><strong>et</strong></span> <span class='ocrx_word' id='word_1_203' title='bbox 697 2906 829 2953; x_wconf 88' lang='lat' dir='ltr'><strong>servum.</strong></span> <span class='ocrx_word' id='word_1_204' title='bbox 866 2889 981 2954; x_wconf 87' lang='lat' dir='ltr'><strong>Servus</strong></span> 
     </span>
     <span class='ocr_line' id='line_1_27' title="bbox 71 2981 983 3075; baseline 0.001 -18"><span class='ocrx_word' id='word_1_205' title='bbox 71 2997 174 3060; x_wconf 83' lang='lat' dir='ltr'><strong>ttoses</strong></span> <span class='ocrx_word' id='word_1_206' title='bbox 196 2998 361 3059; x_wconf 88' lang='lat' dir='ltr'><strong>eottooetnr</strong></span> <span class='ocrx_word' id='word_1_207' title='bbox 390 3012 484 3075; x_wconf 84' lang='lat' dir='ltr'><strong>super</strong></span> <span class='ocrx_word' id='word_1_208' title='bbox 510 2981 669 3059; x_wconf 86' lang='lat' dir='ltr'><strong>humerum</strong></span> <span class='ocrx_word' id='word_1_209' title='bbox 692 3003 723 3058; x_wconf 88' lang='grc' dir='ltr'><strong>ει</strong></span> <span class='ocrx_word' id='word_1_210' title='bbox 750 2996 890 3069; x_wconf 86' lang='lat' dir='ltr'><strong>dorsum,</strong></span> <span class='ocrx_word' id='word_1_211' title='bbox 922 2994 983 3058; x_wconf 85' lang='lat' dir='ltr'><strong>hoo</strong></span> 
     </span>
     <span class='ocr_line' id='line_1_28' title="bbox 70 3086 982 3180; baseline -0.002 -15"><span class='ocrx_word' id='word_1_212' title='bbox 70 3110 132 3176; x_wconf 86' lang='lat' dir='ltr'><strong>est,</strong></span> <span class='ocrx_word' id='word_1_213' title='bbox 155 3118 251 3180; x_wconf 90' lang='lat' dir='ltr'><strong>snper</strong></span> <span class='ocrx_word' id='word_1_214' title='bbox 271 3086 427 3179; x_wconf 81' lang='lat' dir='ltr'><strong>antiquum</strong></span> <span class='ocrx_word' id='word_1_215' title='bbox 449 3102 531 3163; x_wconf 83' lang='lat' dir='ltr'><strong>ittdrn</strong></span> <span class='ocrx_word' id='word_1_216' title='bbox 553 3101 689 3176; x_wconf 81' lang='lat' dir='ltr'><strong>asinum,</strong></span> <span class='ocrx_word' id='word_1_217' title='bbox 719 3109 852 3164; x_wconf 87' lang='lat' dir='ltr'><strong>veterem</strong></span> <span class='ocrx_word' id='word_1_218' title='bbox 873 3102 982 3178; x_wconf 82' lang='lat' dir='ltr'><strong>Adam,</strong></span> 
     </span>
     <span class='ocr_line' id='line_1_29' title="bbox 70 3207 983 3293; baseline -0.001 -22"><span class='ocrx_word' id='word_1_219' title='bbox 70 3216 98 3272; x_wconf 86' lang='lat' dir='ltr'><strong>nt</strong></span> <span class='ocrx_word' id='word_1_220' title='bbox 119 3207 316 3270; x_wconf 82' lang='lat' dir='ltr'><strong>mortificetur</strong></span> <span class='ocrx_word' id='word_1_221' title='bbox 336 3215 366 3269; x_wconf 89' lang='grc' dir='ltr'><strong>ει</strong></span> <span class='ocrx_word' id='word_1_222' title='bbox 388 3209 561 3272; x_wconf 81' lang='lat' dir='ltr'><strong>destruatur</strong></span> <span class='ocrx_word' id='word_1_223' title='bbox 582 3224 695 3286; x_wconf 84' lang='lat' dir='ltr'><strong>eorpus</strong></span> <span class='ocrx_word' id='word_1_224' title='bbox 714 3207 858 3293; x_wconf 78' lang='lat' dir='ltr'><strong>¹peceati,</strong></span> <span class='ocrx_word' id='word_1_225' title='bbox 888 3225 983 3285; x_wconf 80' lang='lat' dir='ltr'><strong>supra</strong></span> 
     </span>
     <span class='ocr_line' id='line_1_30' title="bbox 70 3313 980 3378; baseline 0.003 -4"><span class='ocrx_word' id='word_1_226' title='bbox 70 3330 182 3376; x_wconf 87' lang='lat' dir='ltr'><strong>novum</strong></span> <span class='ocrx_word' id='word_1_227' title='bbox 215 3330 289 3376; x_wconf 90' lang='lat' dir='ltr'><strong>vero</strong></span> <span class='ocrx_word' id='word_1_228' title='bbox 310 3313 464 3378; x_wconf 88' lang='lat' dir='ltr'><strong>hominem</strong></span> <span class='ocrx_word' id='word_1_229' title='bbox 486 3314 591 3377; x_wconf 87' lang='lat' dir='ltr'><strong>Moses</strong></span> <span class='ocrx_word' id='word_1_230' title='bbox 612 3330 724 3377; x_wconf 88' lang='lat' dir='ltr'><strong>servus</strong></span> <span class='ocrx_word' id='word_1_231' title='bbox 742 3331 802 3377; x_wconf 90' lang='lat' dir='ltr'><strong>non</strong></span> <span class='ocrx_word' id='word_1_232' title='bbox 824 3314 980 3378; x_wconf 76' lang='lat' dir='ltr'><strong>ostendat.</strong></span> 
     </span>
     <span class='ocr_line' id='line_1_31' title="bbox 70 3419 983 3505; baseline 0.002 -24"><span class='ocrx_word' id='word_1_233' title='bbox 70 3419 132 3482; x_wconf 69' lang='lat' dir='ltr'><strong>‚ton</strong></span> <span class='ocrx_word' id='word_1_234' title='bbox 155 3422 235 3499; x_wconf 73' lang='lat' dir='ltr'><strong>eninr</strong></span> <span class='ocrx_word' id='word_1_235' title='bbox 258 3420 287 3481; x_wconf 90' lang='lat' dir='ltr'><strong>in</strong></span> <span class='ocrx_word' id='word_1_236' title='bbox 309 3437 423 3483; x_wconf 87' lang='lat' dir='ltr'><strong>novum</strong></span> <span class='ocrx_word' id='word_1_237' title='bbox 439 3419 592 3482; x_wconf 80' lang='lat' dir='ltr'><strong>hominem</strong></span> <span class='ocrx_word' id='word_1_238' title='bbox 616 3419 782 3500; x_wconf 79' lang='lat' dir='ltr'><strong>quidquam</strong></span> <span class='ocrx_word' id='word_1_239' title='bbox 801 3419 983 3505; x_wconf 66' lang='lat' dir='ltr'><strong>jurishntret</strong></span> 
     </span>
     <span class='ocr_line' id='line_1_32' title="bbox 69 3526 980 3604; baseline 0.003 -17"><span class='ocrx_word' id='word_1_240' title='bbox 69 3527 175 3589; x_wconf 81' lang='lat' dir='ltr'><strong>tioses</strong></span> <span class='ocrx_word' id='word_1_241' title='bbox 198 3543 324 3598; x_wconf 87' lang='lat' dir='ltr'><strong>servus,</strong></span> <span class='ocrx_word' id='word_1_242' title='bbox 355 3543 416 3588; x_wconf 90' lang='lat' dir='ltr'><strong>non</strong></span> <span class='ocrx_word' id='word_1_243' title='bbox 439 3526 480 3587; x_wconf 91' lang='lat' dir='ltr'><strong>ibi</strong></span> <span class='ocrx_word' id='word_1_244' title='bbox 503 3534 551 3589; x_wconf 90' lang='lat' dir='ltr'><strong>est</strong></span> <span class='ocrx_word' id='word_1_245' title='bbox 571 3543 697 3603; x_wconf 72' lang='lat' dir='ltr'><strong>regnum</strong></span> <span class='ocrx_word' id='word_1_246' title='bbox 719 3527 832 3604; x_wconf 79' lang='lat' dir='ltr'><strong>ipsius,</strong></span> <span class='ocrx_word' id='word_1_247' title='bbox 853 3543 980 3603; x_wconf 85' lang='lat' dir='ltr'><strong>regnum</strong></span> 
     </span>
     <span class='ocr_line' id='line_1_33' title="bbox 70 3632 1065 3711; baseline 0.004 -18"><span class='ocrx_word' id='word_1_248' title='bbox 70 3632 137 3695; x_wconf 87' lang='lat' dir='ltr'><strong>llud</strong></span> <span class='ocrx_word' id='word_1_249' title='bbox 159 3634 330 3707; x_wconf 87' lang='lat' dir='ltr'><strong>servitutis,</strong></span> <span class='ocrx_word' id='word_1_250' title='bbox 360 3632 480 3710; x_wconf 80' lang='lat' dir='ltr'><strong>peceati</strong></span> <span class='ocrx_word' id='word_1_251' title='bbox 501 3640 531 3694; x_wconf 90' lang='lat' dir='ltr'><strong>et</strong></span> <span class='ocrx_word' id='word_1_252' title='bbox 560 3634 679 3701; x_wconf 81' lang='lat' dir='ltr'><strong>mortis·</strong></span> <span class='ocrx_word' id='word_1_253' title='bbox 717 3634 782 3696; x_wconf 89' lang='lat' dir='ltr'><strong>Hoo</strong></span> <span class='ocrx_word' id='word_1_254' title='bbox 803 3649 929 3711; x_wconf 78' lang='lat' dir='ltr'><strong>regnum</strong></span> <span class='ocrx_word' id='word_1_255' title='bbox 951 3643 981 3697; x_wconf 87' lang='lat' dir='ltr'><strong>et</strong></span> <span class='ocrx_word' id='word_1_256' title='bbox 1058 3675 1065 3687; x_wconf 82' lang='lat'>-</span> 
     </span>
     <span class='ocr_line' id='line_1_34' title="bbox 69 3738 981 3839; baseline 0.004 -37"><span class='ocrx_word' id='word_1_257' title='bbox 69 3738 266 3839; x_wconf 70' lang='lat' dir='ltr'><strong>ninisteriurn</strong></span> <span class='ocrx_word' id='word_1_258' title='bbox 296 3739 401 3802; x_wconf 88' lang='lat' dir='ltr'><strong>mortis</strong></span> <span class='ocrx_word' id='word_1_259' title='bbox 431 3748 553 3803; x_wconf 84' lang='lat' dir='ltr'><strong>monent</strong></span> <span class='ocrx_word' id='word_1_260' title='bbox 573 3742 602 3802; x_wconf 90' lang='lat' dir='ltr'><strong>in</strong></span> <span class='ocrx_word' id='word_1_261' title='bbox 625 3756 724 3804; x_wconf 82' lang='lat' dir='ltr'><strong>earne.</strong></span> <span class='ocrx_word' id='word_1_262' title='bbox 766 3741 799 3804; x_wconf 92' lang='lat' dir='ltr'><strong>ln</strong></span> <span class='ocrx_word' id='word_1_263' title='bbox 820 3758 902 3806; x_wconf 91' lang='lat' dir='ltr'><strong>novo</strong></span> <span class='ocrx_word' id='word_1_264' title='bbox 923 3741 981 3806; x_wconf 89' lang='lat' dir='ltr'><strong>ho·</strong></span> 
     </span>
    </p>
   </div>
   <div class='ocr_carea' id='block_1_7' title="bbox 0 0 1134 4170">
    <p class='ocr_par' dir='ltr' id='par_1_7' title="bbox 0 0 1134 4170">
     <span class='ocr_line' id='line_1_35' title="bbox 0 0 1134 4170; baseline 0 1"><span class='ocrx_word' id='word_1_265' title='bbox 0 0 1134 4170; x_wconf 95' lang='lat' dir='ltr'><strong> </strong></span> 
     </span>
    </p>
   </div>
  </div>
 </body>
</html>
