2258 4170
978 168 1011 198 ὀ

102 132 165 249 2196
273 179 362 258 Caput
382 178 591 257 sexagesimum
613 186 724 238 sextum
745 172 857 238 Esaiae.

104 368 157 425 tua
178 361 311 449 sabbata
330 368 417 424 arunt
438 368 494 422 eto.
512 414 519 424 ,
537 359 614 420 Sunt
635 365 735 420 autem
757 355 839 420 haee
860 356 892 416 in
916 354 1020 433 spirito

87 455 136 531 'et
151 464 225 529 noe.
268 466 353 537 Nam,
372 473 496 543 propter
523 463 603 526 hane
631 466 738 541 pellem
773 463 878 538 carnis
901 468 1020 521 nostrae

105 586 185 648 opos
207 564 255 632 est
276 572 366 633 oanis
388 570 572 649 quibusdam
588 569 707 643 diebus,
728 549 843 648 quibu's
859 566 1019 628 convenia·

107 692 176 739 mus
198 676 238 738 ad
261 677 346 739 verbi
368 684 398 738 et
419 684 678 741 sacramentorum
701 674 927 736 tractationem.

395 864 440 927 Et
459 827 724 942 o'gradientur.

146 1072 150 1080 ι
189 991 261 1055 moe
282 994 429 1058 intramus
451 995 489 1056 ad
511 993 616 1068 Deum,
638 1002 668 1056 et
690 989 913 1086 sacrificamus,
935 1005 1006 1077 egro

37 1119 44 1127 ·
102 1096 204 1161 dimnr
241 1108 343 1161 autem
371 1106 448 1170 tutu.
479 1097 611 1177 oum¹)]
654 1099 833 1162 accedimns
855 1095 895 1157 ad
918 1094 1000 1160 officia

13 1198 15 1205 ’
105 1204 304 1266 oeconomica
326 1213 355 1267 et
377 1204 522 1285 patinea·
542 1221 623 1284 quae
645 1205 674 1266 in
696 1205 810 1267 mundo
832 1203 916 1283 finnt

347 1392 559 1472 [Videbunt
580 1393 787 1455 cadavera.

186 1520 268 1584 Haeo
301 1523 449 1600 pertinent
487 1523 527 1584 ad
555 1521 692 1584 iudaeos
728 1529 760 1583 at
791 1537 897 1582 omnes
929 1522 994 1596 aiios,

4 1711 9 1720 Ι
105 1627 158 1705 qui
181 1629 429 1705 praevaricantur
450 1629 480 1690 in
494 1626 647 1690 christum
669 1643 769 1706 nsque
790 1627 892 1688 hodie.
921 1627 994 1704 Spiri-

42 1816 46 1822 .
107 1743 156 1794 tus
190 1735 285 1804 videt,
325 1735 408 1811 quod
442 1735 502 1795 sint
534 1733 575 1794 itii
612 1735 778 1804 cadavera,
812 1733 882 1810 quia
915 1743 997 1794 carent

108 1840 216 1916 spiritu
237 1846 267 1901 et
287 1839 362 1912 tide,
397 1847 553 1918 praeterea
577 1835 706 1914 oemo²)
732 1838 818 1901 videt
837 1853 893 1898 neo
915 1839 998 1910 credit,

88 1945 163 2008 ⁴sed
187 1953 330 2023 putantur
351 1931 527 2007 firmissima
549 1955 689 2022 corpora.

399 2133 549 2195 Vermis
569 2128 725 2212 eornm]

188 2261 221 2323 td
241 2269 304 2332 est.
328 2264 549 2342 [eonscientiae
577 2279 699 2324 morsus
721 2270 751 2323 et
772 2259 891 2339 peccati
914 2257 1010 2329 virtus,

50 2352 54 2367 '
106 2368 188 2454 quod
212 2355 556 2457 scilieetiipeoeatumn
573 2369 721 2438 sentient,
753 2360 782 2427 et
811 2367 840 2427 in
864 2372 1012 2426 aeternum

106 2480 239 2534 metuent
275 2481 454 2550 perpetuam
493 2472 727 2534 damnationem.
776 2472 827 2534 Sin
869 2470 1015 2532 concludit

107 2576 272 2655 propheta:
307 2558 359 2656 qui
390 2595 449 2639 non
473 2580 578 2640 volunt
606 2578 744 2651 eredere,
777 2578 817 2638 itti
848 2577 1014 2655 perdentur,

106 2684 251 2762 reliquias
274 2692 374 2746 autem
397 2684 583 2745 credentium
607 2683 752 2745 Dominus
775 2683 919 2745 salvabit.

436 2871 540 2933 FINIS.

91 3071 93 3077 .
106 3023 182 3087 DEO
195 3023 366 3100 'CHRISTO
379 3025 439 3087 SIT
450 3025 549 3087 LAUS
563 3024 601 3086 IN
614 3022 761 3086 SEGULA
775 3021 1018 3086 secutorum.

523 3162 657 3272 numu]

51 3351 59 3370 ⁸
177 3367 207 3436 t)
228 3367 295 3420 Edit.
317 3320 385 3416 1532
404 3363 445 3418 tio
462 3365 565 3434 pergitz
588 3373 737 3433 spectamur
755 3363 879 3435 politica,
908 3365 1020 3433 quaein

109 3462 206 3516 mundo
239 3462 313 3514 fiunt
359 3457 389 3523 2)
418 3457 448 3512 ln
478 3459 520 3511 eti.
542 3456 611 3512 12³2
637 3458 680 3510 hio
699 3457 816 3512 additum
848 3467 907 3512 est:
931 3475 1021 3530 neque.

2 3552 22 3619 ,¹
104 3556 137 3626 ³)
155 3560 184 3608 in
203 3556 244 3609 ed.
265 3556 336 3610 1532
355 3555 463 3610 denunt:
488 3561 567 3608 at-
586 3554 696 3606 scilicet.
