2258 4170
135 165 208 236 4127
282 250 294 265 Ι
447 156 590 249 Εηῖψαιίο
613 176 726 236 uberior
767 220 771 231 .

88 296 125 323 ,Ι
497 304 502 311 ,
696 304 702 325 ,
1031 304 1036 313 ,

54 345 57 350 ’
101 396 117 419 -.
135 351 166 415 id
199 328 373 419 desiderant
407 355 599 435 prospicere,
636 369 692 414 nec
725 361 829 414 tamen
861 352 1049 430 inspiciendo

136 473 274 537 unquam
296 459 505 536 explebuntur.
546 459 610 520 Nos
639 434 721 521 beati
753 475 877 530 sumus,
912 459 962 523 vei
991 474 1049 518 crc-

136 563 238 627 dendo
259 564 319 625 ista
341 549 744 642 incomprehensibilia'sed
768 564 941 657 beatiores,
963 562 1050 625 immo

133 670 224 745 longe
251 670 421 732 beatissimi
448 670 536 733 iuturi
559 672 684 742 'sumum
720 686 789 732 cum
815 671 853 731 in
875 650 1051 731 visionem

138 775 322 856 viderimus2
359 792 428 837 cnm
457 776 535 854 fides
563 785 715 839 evacuata
735 778 842 848 inerit,
877 772 949 858 cuni
983 789 1050 835 coo·

137 882 328 959 spexerimus
353 896 421 942 curn
450 881 540 943 sicuti
561 890 626 954 est,
660 899 727 943 cum
754 874 1052 969 manifestati'ineri-

137 989 207 1048 mus
233 1003 300 1047 cum
325 1003 362 1047 eo
384 987 413 1047 in
435 988 544 1067 gioria,
575 1002 644 1047 curn
667 1004 719 1059 ca,
751 1003 832 1065 qnae
854 1002 937 1047 nunc
957 986 1052 1045 cerni-

108 1086 208 1153 'tnus
229 1109 284 1169 per
311 1089 475 1169 specuium
492 1094 521 1154 in
550 1087 748 1168 aenigmate„
767 1093 846 1154 facie
875 1092 916 1152 nd
947 1090 1052 1153 taciem

138 1213 262 1282 cernere
285 1197 388 1259 datam
411 1198 508 1261 suerit.
551 1198 626 1272 Quid
650 1198 830 1271 mirabilius,
854 1214 948 1276 quam
972 1196 1050 1274 quod

136 1301 217 1365 titius
239 1303 374 1366 nascitur
391 1320 430 1364 ex
441 1310 536 1364 matre
549 1305 614 1365 sine
627 1306 721 1380 patre,
744 1310 849 1366 contra
860 1316 1052 1378 communem

137 1408 594 1490 nascendi·consuetudinem?⁶
929 1464 933 1479 ἱ

221 1513 293 1588 Quis
325 1513 403 1575 baec
436 1504 608 1590 personalia
646 1514 794 1576 mirabilia
829 1502 1052 1593 explicaverit?

139 1636 219 1696 quae
242 1636 299 1694 ego
323 1618 382 1680 hoc
404 1620 473 1680 loco
495 1637 554 1680 non
576 1620 726 1692 tractabo,
758 1635 815 1681 nec
845 1619 876 1679 in
898 1618 959 1679 iliis
981 1634 1053 1678 enu-

43 1756 45 1761 ,
137 1725 291 1786 merendis
308 1725 501 1788 immorabor.
526 1725 608 1795 ,Nam
619 1723 769 1803 propheta
784 1727 907 1811 proprie
920 1724 1054 1802 loquitur

139 1831 177 1890 de
188 1846 282 1905 regno
299 1810 334 1889 'et
356 1830 615 1911 administratione
637 1832 722 1907 regni
735 1832 879 1893 Messiae.
909 1829 977 1893 Non
992 1839 1053 1892 tan

138 1934 710 2013 tum1personaincomprehensibilia,
743 1937 825 2016 quod
843 1936 926 1999 fitius
947 1936 1002 1997 Dei
1025 1944 1053 1997 et

138 2039 218 2101 fitius
252 2041 376 2114 virginis
408 2049 469 2113 est,
504 2043 560 2103 sed
589 2049 630 2115 et¹
648 2043 748 2103 omnia
777 2059 872 2120 opera
894 2042 964 2119 eJus
987 2049 1054 2104 sunt

138 2145 378 2229 admirabiliatet
398 2146 723 2224 incomprehensibilia.
761 2147 795 2210 Et
818 2148 988 2227 praecipue
1008 2164 1052 2208 rc-

65 2246 68 2253 ’
137 2251 228 2328 spicit
250 2250 288 2310 nd
310 2251 435 2315 Misrah.
477 2253 508 2311 ln
541 2269 633 2328 opere
662 2260 691 2314 et
712 2252 822 2315 effectu
844 2253 1069 2315 admirabiliora

136 2363 185 2418 est
207 2358 310 2418 multo.
368 2343 370 2347 ’
707 2421 744 2443 ⁶,
794 2336 804 2365 ³
989 2369 993 2381 ·

218 2461 297 2539 Lyra
319 2462 408 2523 nimis
429 2463 572 2523 ternuiter
589 2461 668 2525 banc
688 2480 792 2526 vocem
815 2462 958 2542 explicat,
981 2465 1062 2526 dicit·

137 2566 215 2628 enim
249 2585 317 2628 curn
357 2567 565 2629 admirabilem
607 2569 708 2630 vocari
736 2575 860 2646 propter
895 2570 1048 2642 miracuta,

137 2673 276 2750 quaein
305 2666 431 2735 historia
459 2675 635 2748 evangelica
663 2674 768 2736 abeo
798 2675 878 2751 iacta¹
899 2677 1046 2752 leguntur.

135 2778 167 2838 ld
191 2795 296 2840 verum
316 2780 438 2856 quidem
461 2787 516 2852 est,
539 2797 607 2839 narn
629 2777 689 2841 hoc
704 2797 827 2858 quoque
840 2781 973 2852 nomine,
996 2782 1048 2841 ad·

136 2883 296 2957 mirabitis,
331 2902 390 2946 non
422 2887 523 2963 inepte
553 2890 686 2946 voc'atur.
730 2884 791 2946 Sed
820 2885 967 2947 miracuta
989 2903 1048 2948 non

136 2991 285 3067 pertinent
306 2992 427 3067 proprie
449 2990 488 3050 ad
509 2990 576 3066 ejus
599 3007 733 3066 regnum.
774 2989 839 3052 Non
862 2999 910 3052 est
932 2991 1047 3053 Misrnh

136 3112 229 3172 super
250 3095 394 3158 humeros
423 3095 506 3172 ejus,
537 3096 592 3156 init
613 3078 839 3158 adhuesorvns
861 3104 890 3157 et
913 3097 1049 3158 minister

136 3203 391 3277 circumcisionis,
425 3202 558 3263 nondum
587 3198 715 3263 sedebat
741 3202 779 3261 ad
802 3201 960 3273 dexteram
982 3202 1047 3283 Dei,

135 3323 202 3367 cum
236 3308 466 3389 miracuiailla
494 3308 606 3369 ederet.
651 3307 711 3367 Sed
744 3309 834 3383 longe
870 3286 989 3384 majora
1019 3315 1049 3368 ct

136 3408 319 3473 mirabiliora
341 3415 484 3475 miracuta
497 3413 672 3485 edidit‚·nbi
688 3414 879 3474 ascendisset
890 3414 920 3473 in
933 3415 1047 3474 coctos.

88 3564 90 3570 a
134 3517 177 3577 ibi
200 3518 395 3596 triumphavit
422 3521 461 3581 dc
493 3512 628 3596 principe
664 3519 825 3580 mnndiet
859 3517 918 3579 dec
952 3517 1048 3592 nujus

135 3624 263 3698 saecuti,
292 3625 330 3685 de
351 3618 492 3700 bartor03
525 3620 612 3697 itcrn,
641 3626 786 3701 confregit
803 3614 912 3700 J‘u‘gnm
935 3626 1048 3696 oneris,
1084 3670 1092 3693 ι

88 3780 91 3787 .
135 3728 249 3806 virgam
268 3729 394 3813 humeri,
415 3732 557 3793 baculum
573 3722 733 3792 exactoris.
761 3728 844 3791 Haec
867 3738 940 3791 sunt
956 3733 1047 3808 longe
1098 3730 1100 3739 ⁴
