2258 4170
843 62 961 117 «r,
1026 77 1073 111 ,v

401 141 542 265 ‘neonae
812 131 946 244 iffi,
983 138 1030 179 ”

71 339 135 405 naen
162 359 198 406 se
229 351 434 411 contrusam
451 336 745 415 .tentationem‚²ne.
761 352 868 422 peceat
888 345 953 420 de7,
1062 410 1066 434 Ι

71 449 165 512 arendo
184 450 376 513 vocationem
399 468 507 515 suam·
524 449 729 527 :Quamquam
750 450 856 529 inquit,
873 467 949 519 ,vera

71 573 112 617 run
130 554 264 631 rideatur
285 556 332 635 ab,
345 557 499 629 omnibus,
521 572 549 633 a¹
555 554 714 634 plerisque
727 556 823 620 etiam.
840 573 961 634 persea,
979 618 982 622 ,

72 662 184 753 ationem
207 662 352 738 patiatur,
382 679 442 724 non
466 670 565 761 tamep
588 660 658 723 ideo
680 678 698 722 a
720 661 946 738 praedieatione
1042 692 1047 716 ο

71 766 175 829 assaho.
218 766 258 828 Ut
279 767 356 828 enim
388 776 512 846 propter
539 766 651 842 impios
673 765 785 843 dooere
813 784 872 829 non
900 768 944 829 in·

71 873 134 943 titui,
154 872 199 933 sio
221 889 277 934 nec
300 873 445 935 cessabo
442 888 581 950 quoque
603 871 755 949 propter
747 874 925 950 rmpios.

118 978 241 1053 Propter
262 979 466 1052 Hierusalem,
498 976 544 1055 id
552 985 615 1071 est,
649 985 782 1065 propter
792 979 892 1041 bonos
915 986 966 1042 et‘

71 1086 107 1145 ios
131 1082 239 1144 dooere
264 1099 407 1161 pergam,
441 1084 623 1163 contemptis
656 1082 757 1160 impiis
785 1083 846 1171 iilis
871 1101 946 1165 eon·

71 1186 232 1263 emptoribus
263 1195 319 1249 etc.
362 1189 454 1250 Addit
482 1195 583 1267 autern
605 1189 741 1264 insignes
761 1189 944 1269 promissio
982 1272 986 1284 Ι

72 1310 96 1354 es
114 1293 273 1387 eeclesiae,
301 1294 366 1355 tore
386 1282 421 1355 ut
438 1295 524 1377 Deus
547 1294 614 1370 eius
636 1310 739 1357 euram
762 1302 847 1370 agat,
861 1311 943 1387 ,eant

71 1406 118 1460 net
141 1405 171 1459 et
201 1398 414 1478 multiplicati·
429 1407 462 1460 ut
497 1401 548 1466 det
579 1401 721 1478 optimos·
738 1399 882 1473 doctores
914 1407 945 1471 at

71 1504 209 1566 redientes
238 1502 417 1584 discipulos.
469 1507 604 1578 Tandem
631 1505 772 1581 hortatur
790 1504 881 1581 ¹etiarn
903 1507 943 1569 ad
1002 1500 1007 1507 “

71 1609 262 1686 recipiendum
285 1618 315 1672 et
336 1612 580 1688 amplectendum
610 1613 734 1677 verbena
763 1609 942 1695 evangeiii]⁸
988 1653 992 1666 ·

71 1725 95 1778 st
110 1723 205 1776 autern
228 1733 329 1778 novus
351 1733 504 1799 sermo.

220 1901 410 1980 [Donec
431 1868 740 2009 egrediatur*)

118 2031 220 2092 Verte:
242 2031 347 2093 Donec
367 2033 541 2110 egrediatur
561 2037 639 2097 sieut
662 2020 807 2115 splendor
823 1994 942 2112 justitia

71 2135 127 2214 ius,
135 2145 163 2198 et
184 2138 271 2221 salus
293 2135 360 2214 ejus
383 2140 567 2203 accendatur
588 2142 667 2203 sieut
687 2143 814 2218 lampas.
857 2141 941 2218 Soio,

71 2242 138 2320 rquit,
158 2248 317 2319 venturum
336 2243 507 2321 Christum,
519 2245 572 2323 qrti
589 2244 737 2322 justitiam
753 2254 790 2325 et
810 2247 941 2338 salutern
1001 2298 1008 2321 .·

74 2348 102 2410 iis
120 2346 230 2431 afferet,
254 2357 383 2426 propter,
399 2368 470 2412 eurn
491 2351 686 2429 praedicabo,
706 2359 740 2423 ut
761 2353 868 2413 saltem
890 2352 945 2414 ati-

71 2455 94 2529 ui
110 2455 287 2516 retineantur
314 2455 344 2515 in
370 2458 473 2519 uerbo
504 2465 561 2519 ete
605 2436 764 2535 Gonjuugit
791 2441 941 2534 iustitiam

71 2560 211 2646 taaluteni,
233 2560 306 2637 quia
322 2568 393 2638 post
405 2561 616 2627 remissionem
634 2547 845 2640 peccatorum,-
861 2580 943 2640 quae

71 2659 212 2748 rstitia**‚)
236 2673 298 2739 est,
332 2676 434 2744 manet
461 2675 561 2729 tamen
594 2668 767 2745 persecutio
797 2677 940 2742 etmors,

88 2767 182 2844 quibus
206 2768 347 2833 Christus
369 2789 446 2834 suos
468 2775 588 2835 tandem
611 2772 727 2836 liberat.

127 2930 164 2994 Et
186 2935 378 2997 videbunt
398 2946 536 3014 gentes
557 2936 704 3015 justum
726 2946 841 3001 tuum.
945 2931 995 3031 f,
1066 2924 1076 2984 .'

116 3060 160 3123 Sic
188 3064 349 3140 apparebit
378 3065 463 3127 salus
491 3072 521 3127 et
545 3064 676 3141 justitia,
712 3074 746 3154 ut
771 3069 942 3130 revelentur

71 3163 121 3224 tian
150 3169 318 3257 gentibus}
363 3171 461 3233 Vooat
495 3178 598 3231 autern
625 3168 741 3246 jnstum
771 3172 800 3234 in
833 3180 939 3236 neutro
1042 3228 1045 3235 .

71 3260 156 3332 erere¹
173 3272 464 3337 administrationem
498 3275 738 3338 ecclesiasticam
772 3277 939 3340 institutam
969 3315 974 3320 -

84 3370 206 3451 christo,
239 3387 269 3441 et
292 3396 346 3456 per
366 3382 527 3458 apostotos
550 3381 579 3441 in
601 3383 765 3444 eeclesiam
785 3374 938 3462 propaga·

71 3493 114 3553 tn,
133 3485 218 3560 quasi
241 3485 337 3547 dieat:
369 3486 483 3549 Gentes
504 3485 650 3547 ridebunt
670 3481 939 3565 ecetesian'justt·

80 3656 87 3672 ‘
107 3649 133 3718 *i
151 3653 290 3709 Emtatio
308 3669 366 3724 cap·
381 3646 429 3713 ,82
448 3656 515 3724 ³⁸)
530 3655 637 3712 lustitia
667 3665 709 3712 art
726 3659 847 3723 remissio
877 3674 936 3731 pee-

71 3744 157 3800 torum.
730 3776 733 3780 ,
803 3768 807 3775 .
