<?xml version="1.0" encoding="UTF-8"?>
<!DOCTYPE html PUBLIC "-//W3C//DTD XHTML 1.0 Transitional//EN"
    "http://www.w3.org/TR/xhtml1/DTD/xhtml1-transitional.dtd">
<html xmlns="http://www.w3.org/1999/xhtml" xml:lang="en" lang="en">
 <head>
  <title>
</title>
<meta http-equiv="Content-Type" content="text/html;charset=utf-8" />
  <meta name='ocr-system' content='tesseract 3.04.00' />
  <meta name='ocr-capabilities' content='ocr_page ocr_carea ocr_par ocr_line ocrx_word'/>
</head>
<body>
  <div class='ocr_page' id='page_1' title='image "./exegeticaoperal01luthgoog_0387.png"; bbox 0 0 2258 4170; ppageno 0'>
   <div class='ocr_carea' id='block_1_1' title="bbox 28 113 888 266">
    <p class='ocr_par' dir='ltr' id='par_1_1' title="bbox 28 113 888 266">
     <span class='ocr_line' id='line_1_1' title="bbox 28 113 888 266; baseline 0.009 -42"><span class='ocrx_word' id='word_1_1' title='bbox 28 235 31 239; x_wconf 48' lang='grc'><strong><em>,</em></strong></span> <span class='ocrx_word' id='word_1_2' title='bbox 165 156 228 225; x_wconf 77' lang='lat' dir='ltr'><strong>sta</strong></span> <span class='ocrx_word' id='word_1_3' title='bbox 382 113 386 130; x_wconf 45' lang='lat'>⁸</span> <span class='ocrx_word' id='word_1_4' title='bbox 498 166 643 266; x_wconf 66' lang='lat' dir='ltr'><strong>almona</strong></span> <span class='ocrx_word' id='word_1_5' title='bbox 664 154 779 232; x_wconf 66' lang='lat' dir='ltr'><strong>noenu</strong></span> <span class='ocrx_word' id='word_1_6' title='bbox 883 159 888 163; x_wconf 82' lang='grc'><strong>’</strong></span> 
     </span>
    </p>
   </div>
   <div class='ocr_carea' id='block_1_2' title="bbox 80 322 1112 1983">
    <p class='ocr_par' dir='ltr' id='par_1_2' title="bbox 80 322 1112 1152">
     <span class='ocr_line' id='line_1_2' title="bbox 99 322 1085 422; baseline -0.004 -16"><span class='ocrx_word' id='word_1_7' title='bbox 99 356 103 366; x_wconf 84' lang='grc'><strong>’</strong></span> <span class='ocrx_word' id='word_1_8' title='bbox 169 342 299 422; x_wconf 89' lang='lat' dir='ltr'><strong>partium</strong></span> <span class='ocrx_word' id='word_1_9' title='bbox 330 341 361 403; x_wconf 90' lang='lat' dir='ltr'><strong>in</strong></span> <span class='ocrx_word' id='word_1_10' title='bbox 393 337 464 418; x_wconf 88' lang='lat' dir='ltr'><strong>ipso</strong></span> <span class='ocrx_word' id='word_1_11' title='bbox 491 336 623 417; x_wconf 85' lang='lat' dir='ltr'><strong>proelio,</strong></span> <span class='ocrx_word' id='word_1_12' title='bbox 654 333 705 396; x_wconf 90' lang='lat' dir='ltr'><strong>ubi</strong></span> <span class='ocrx_word' id='word_1_13' title='bbox 739 350 849 398; x_wconf 88' lang='lat' dir='ltr'><strong>manus</strong></span> <span class='ocrx_word' id='word_1_14' title='bbox 877 322 1085 418; x_wconf 64' lang='lat' dir='ltr'><strong>mosomum,</strong></span> 
     </span>
     <span class='ocr_line' id='line_1_3' title="bbox 111 441 1069 535; baseline -0.002 -25"><span class='ocrx_word' id='word_1_15' title='bbox 111 464 115 472; x_wconf 92' lang='lat'><em>·</em></span> <span class='ocrx_word' id='word_1_16' title='bbox 170 448 222 510; x_wconf 89' lang='lat' dir='ltr'><strong>nbi</strong></span> <span class='ocrx_word' id='word_1_17' title='bbox 244 447 356 510; x_wconf 78' lang='lat' dir='ltr'><strong>haeret.</strong></span> <span class='ocrx_word' id='word_1_18' title='bbox 370 447 449 527; x_wconf 82' lang='lat' dir='ltr'><strong>pede</strong></span> <span class='ocrx_word' id='word_1_19' title='bbox 464 461 542 535; x_wconf 85' lang='lat' dir='ltr'><strong>pes,</strong></span> <span class='ocrx_word' id='word_1_20' title='bbox 571 442 750 518; x_wconf 88' lang='lat' dir='ltr'><strong>densusque</strong></span> <span class='ocrx_word' id='word_1_21' title='bbox 771 441 837 503; x_wconf 86' lang='lat' dir='ltr'><strong>viro</strong></span> <span class='ocrx_word' id='word_1_22' title='bbox 859 442 918 514; x_wconf 86' lang='lat' dir='ltr'><strong>vir,</strong></span> <span class='ocrx_word' id='word_1_23' title='bbox 941 450 974 504; x_wconf 91' lang='lat' dir='ltr'><strong>ut</strong></span> <span class='ocrx_word' id='word_1_24' title='bbox 994 449 1069 521; x_wconf 78' lang='lat' dir='ltr'><strong>poeta</strong></span> 
     </span>
     <span class='ocr_line' id='line_1_4' title="bbox 171 546 1067 628; baseline -0.006 -12"><span class='ocrx_word' id='word_1_25' title='bbox 171 556 221 617; x_wconf 81' lang='lat' dir='ltr'><strong>ait</strong></span> <span class='ocrx_word' id='word_1_26' title='bbox 262 552 295 628; x_wconf 89' lang='lat' dir='ltr'><strong>In</strong></span> <span class='ocrx_word' id='word_1_27' title='bbox 328 567 365 615; x_wconf 90' lang='lat' dir='ltr'><strong>eo</strong></span> <span class='ocrx_word' id='word_1_28' title='bbox 396 549 676 624; x_wconf 85' lang='lat' dir='ltr'><strong>conflictu-magna</strong></span> <span class='ocrx_word' id='word_1_29' title='bbox 702 554 751 608; x_wconf 91' lang='lat' dir='ltr'><strong>est</strong></span> <span class='ocrx_word' id='word_1_30' title='bbox 778 546 895 610; x_wconf 78' lang='lat' dir='ltr'><strong>collisio</strong></span> <span class='ocrx_word' id='word_1_31' title='bbox 924 564 1067 624; x_wconf 86' lang='lat' dir='ltr'><strong>armorum,</strong></span> 
     </span>
     <span class='ocr_line' id='line_1_5' title="bbox 171 650 1069 741; baseline -0.003 -20"><span class='ocrx_word' id='word_1_32' title='bbox 171 674 301 735; x_wconf 85' lang='lat' dir='ltr'><strong>magnus</strong></span> <span class='ocrx_word' id='word_1_33' title='bbox 326 662 436 741; x_wconf 70' lang='lat' dir='ltr'><strong>metue,</strong></span> <span class='ocrx_word' id='word_1_34' title='bbox 457 670 589 731; x_wconf 83' lang='lat' dir='ltr'><strong>magnus</strong></span> <span class='ocrx_word' id='word_1_35' title='bbox 609 650 764 725; x_wconf 87' lang='lat' dir='ltr'><strong>tumultus,</strong></span> <span class='ocrx_word' id='word_1_36' title='bbox 785 659 816 721; x_wconf 87' lang='lat' dir='ltr'><strong>et</strong></span> <span class='ocrx_word' id='word_1_37' title='bbox 835 653 866 713; x_wconf 91' lang='lat' dir='ltr'><strong>in</strong></span> <span class='ocrx_word' id='word_1_38' title='bbox 887 670 1019 728; x_wconf 88' lang='lat' dir='ltr'><strong>summa,</strong></span> <span class='ocrx_word' id='word_1_39' title='bbox 1037 657 1069 718; x_wconf 87' lang='lat' dir='ltr'><strong>ili</strong></span> 
     </span>
     <span class='ocr_line' id='line_1_6' title="bbox 169 741 1112 834; baseline -0.004 -7"><span class='ocrx_word' id='word_1_40' title='bbox 169 770 295 826; x_wconf 73' lang='lat' dir='ltr'><strong>terra&#39;et</strong></span> <span class='ocrx_word' id='word_1_41' title='bbox 312 741 432 826; x_wconf 78' lang='lat' dir='ltr'><strong>coelum</strong></span> <span class='ocrx_word' id='word_1_42' title='bbox 451 754 741 830; x_wconf 80' lang='lat' dir='ltr'><strong>videntur-tremere,</strong></span> <span class='ocrx_word' id='word_1_43' title='bbox 762 757 836 820; x_wconf 88' lang='lat' dir='ltr'><strong>huic</strong></span> <span class='ocrx_word' id='word_1_44' title='bbox 857 757 999 834; x_wconf 78' lang='lat' dir='ltr'><strong>infligitur</strong></span> <span class='ocrx_word' id='word_1_45' title='bbox 1018 760 1070 822; x_wconf 90' lang='lat' dir='ltr'><strong>vul·</strong></span> <span class='ocrx_word' id='word_1_46' title='bbox 1106 816 1112 823; x_wconf 90' lang='lat'>.</span> 
     </span>
     <span class='ocr_line' id='line_1_7' title="bbox 171 862 1069 945; baseline -0.003 -15"><span class='ocrx_word' id='word_1_47' title='bbox 171 870 243 942; x_wconf 88' lang='lat' dir='ltr'><strong>nus,</strong></span> <span class='ocrx_word' id='word_1_48' title='bbox 280 869 320 930; x_wconf 94' lang='lat' dir='ltr'><strong>illi</strong></span> <span class='ocrx_word' id='word_1_49' title='bbox 356 869 525 945; x_wconf 85' lang='lat' dir='ltr'><strong>perforatur</strong></span> <span class='ocrx_word' id='word_1_50' title='bbox 559 868 677 936; x_wconf 84' lang='lat' dir='ltr'><strong>venter,</strong></span> <span class='ocrx_word' id='word_1_51' title='bbox 709 863 781 924; x_wconf 90' lang='lat' dir='ltr'><strong>huic</strong></span> <span class='ocrx_word' id='word_1_52' title='bbox 799 862 872 941; x_wconf 60' lang='lat' dir='ltr'><strong>xfluit</strong></span> <span class='ocrx_word' id='word_1_53' title='bbox 900 865 1024 941; x_wconf 87' lang='lat' dir='ltr'><strong>sanguis</strong></span> <span class='ocrx_word' id='word_1_54' title='bbox 1048 867 1069 928; x_wconf 91' lang='lat' dir='ltr'><strong>in</strong></span> 
     </span>
     <span class='ocr_line' id='line_1_8' title="bbox 80 962 617 1063; baseline -0.017 -28"><span class='ocrx_word' id='word_1_55' title='bbox 80 968 83 972; x_wconf 72' lang='grc'><strong>’</strong></span> <span class='ocrx_word' id='word_1_56' title='bbox 113 1056 117 1063; x_wconf 17' lang='grc' dir='ltr'>ι</span> <span class='ocrx_word' id='word_1_57' title='bbox 138 962 141 969; x_wconf 56' lang='lat'><em>&#39;</em></span> <span class='ocrx_word' id='word_1_58' title='bbox 170 962 281 1046; x_wconf 81' lang='lat' dir='ltr'><strong>dorso,</strong></span> <span class='ocrx_word' id='word_1_59' title='bbox 302 974 343 1034; x_wconf 92' lang='lat' dir='ltr'><strong>illi</strong></span> <span class='ocrx_word' id='word_1_60' title='bbox 364 975 395 1034; x_wconf 93' lang='lat' dir='ltr'><strong>in</strong></span> <span class='ocrx_word' id='word_1_61' title='bbox 418 979 541 1061; x_wconf 80' lang='lat' dir='ltr'><strong>pectore</strong></span> <span class='ocrx_word' id='word_1_62' title='bbox 562 975 617 1028; x_wconf 88' lang='lat' dir='ltr'><strong>etc.</strong></span> 
     </span>
     <span class='ocr_line' id='line_1_9' title="bbox 587 1071 941 1152; baseline 0.011 -21"><span class='ocrx_word' id='word_1_63' title='bbox 587 1071 697 1136; x_wconf 79' lang='lat' dir='ltr'><strong>Fremit</strong></span> <span class='ocrx_word' id='word_1_64' title='bbox 719 1089 855 1152; x_wconf 88' lang='lat' dir='ltr'><strong>aequore</strong></span> <span class='ocrx_word' id='word_1_65' title='bbox 875 1081 941 1135; x_wconf 89' lang='lat' dir='ltr'><strong>toto</strong></span> 
     </span>
    </p>

    <p class='ocr_par' dir='ltr' id='par_1_3' title="bbox 121 1156 1076 1785">
     <span class='ocr_line' id='line_1_10' title="bbox 170 1156 975 1257; baseline -0.006 -13"><span class='ocrx_word' id='word_1_66' title='bbox 170 1185 322 1246; x_wconf 79' lang='lat' dir='ltr'><strong>Insultans</strong></span> <span class='ocrx_word' id='word_1_67' title='bbox 345 1156 488 1257; x_wconf 82' lang='lat' dir='ltr'><strong>sonipes,</strong></span> <span class='ocrx_word' id='word_1_68' title='bbox 509 1186 539 1238; x_wconf 88' lang='lat' dir='ltr'><strong>et</strong></span> <span class='ocrx_word' id='word_1_69' title='bbox 559 1180 678 1254; x_wconf 85' lang='lat' dir='ltr'>pressis</span> <span class='ocrx_word' id='word_1_70' title='bbox 700 1186 815 1257; x_wconf 81' lang='lat' dir='ltr'>pugnat</span> <span class='ocrx_word' id='word_1_71' title='bbox 835 1177 975 1249; x_wconf 82' lang='lat' dir='ltr'>habenis,</span> 
     </span>
     <span class='ocr_line' id='line_1_11' title="bbox 169 1280 1013 1356; baseline -0.005 -8"><span class='ocrx_word' id='word_1_72' title='bbox 169 1288 238 1348; x_wconf 83' lang='lat' dir='ltr'><strong>Huc</strong></span> <span class='ocrx_word' id='word_1_73' title='bbox 259 1288 427 1356; x_wconf 83' lang='lat' dir='ltr'><strong>obversus,</strong></span> <span class='ocrx_word' id='word_1_74' title='bbox 450 1290 481 1345; x_wconf 89' lang='lat' dir='ltr'><strong>et</strong></span> <span class='ocrx_word' id='word_1_75' title='bbox 501 1281 575 1353; x_wconf 90' lang='lat' dir='ltr'><strong>huc,</strong></span> <span class='ocrx_word' id='word_1_76' title='bbox 598 1289 661 1342; x_wconf 90' lang='lat' dir='ltr'><strong>turn</strong></span> <span class='ocrx_word' id='word_1_77' title='bbox 684 1281 743 1342; x_wconf 91' lang='lat' dir='ltr'><strong>late</strong></span> <span class='ocrx_word' id='word_1_78' title='bbox 763 1282 880 1344; x_wconf 85' lang='lat' dir='ltr'><strong>ferreus</strong></span> <span class='ocrx_word' id='word_1_79' title='bbox 907 1280 1013 1355; x_wconf 85' lang='lat' dir='ltr'><strong>hastis,</strong></span> 
     </span>
     <span class='ocr_line' id='line_1_12' title="bbox 170 1386 1032 1472; baseline -0.007 -19"><span class='ocrx_word' id='word_1_80' title='bbox 170 1393 279 1453; x_wconf 81' lang='lat' dir='ltr'><strong>Horret</strong></span> <span class='ocrx_word' id='word_1_81' title='bbox 302 1405 388 1467; x_wconf 86' lang='lat' dir='ltr'><strong>ager,</strong></span> <span class='ocrx_word' id='word_1_82' title='bbox 417 1388 580 1465; x_wconf 85' lang='lat' dir='ltr'><strong>campique</strong></span> <span class='ocrx_word' id='word_1_83' title='bbox 602 1386 695 1447; x_wconf 89' lang='lat' dir='ltr'><strong>armis</strong></span> <span class='ocrx_word' id='word_1_84' title='bbox 716 1386 899 1449; x_wconf 82' lang='lat' dir='ltr'><strong>sublimibus</strong></span> <span class='ocrx_word' id='word_1_85' title='bbox 920 1387 1032 1472; x_wconf 85' lang='lat' dir='ltr'><strong>ardent,</strong></span> 
     </span>
     <span class='ocr_line' id='line_1_13' title="bbox 121 1479 926 1568; baseline -0.004 -12"><span class='ocrx_word' id='word_1_86' title='bbox 121 1480 124 1485; x_wconf 57' lang='grc'><strong><em>’</em></strong></span> <span class='ocrx_word' id='word_1_87' title='bbox 169 1494 296 1567; x_wconf 83' lang='lat' dir='ltr'><strong>crebra,</strong></span> <span class='ocrx_word' id='word_1_88' title='bbox 317 1495 397 1555; x_wconf 90' lang='lat' dir='ltr'><strong>nivis</strong></span> <span class='ocrx_word' id='word_1_89' title='bbox 418 1479 491 1564; x_wconf 83' lang='lat' dir='ltr'><strong>ritu,</strong></span> <span class='ocrx_word' id='word_1_90' title='bbox 512 1481 833 1568; x_wconf 82' lang='lat' dir='ltr'><strong>fundunturundique</strong></span> <span class='ocrx_word' id='word_1_91' title='bbox 853 1494 926 1559; x_wconf 86' lang='lat' dir='ltr'><strong>tela.</strong></span> 
     </span>
     <span class='ocr_line' id='line_1_14' title="bbox 171 1579 1076 1676; baseline -0.003 -14"><span class='ocrx_word' id='word_1_92' title='bbox 171 1597 298 1662; x_wconf 78' lang='lat' dir='ltr'><strong>Oouuixi</strong></span> <span class='ocrx_word' id='word_1_93' title='bbox 327 1598 483 1658; x_wconf 91' lang='lat' dir='ltr'><strong>incurrunt</strong></span> <span class='ocrx_word' id='word_1_94' title='bbox 508 1591 623 1664; x_wconf 88' lang='lat' dir='ltr'><strong>hastis,</strong></span> <span class='ocrx_word' id='word_1_95' title='bbox 650 1579 880 1675; x_wconf 75' lang='lat' dir='ltr'><strong>praefractaque</strong></span> <span class='ocrx_word' id='word_1_96' title='bbox 913 1590 1076 1676; x_wconf 75' lang='lat' dir='ltr'><strong>quadmpe-</strong></span> 
     </span>
     <span class='ocr_line' id='line_1_15' title="bbox 139 1692 1038 1785; baseline -0.002 -21"><span class='ocrx_word' id='word_1_97' title='bbox 139 1757 144 1764; x_wconf 92' lang='lat'><strong>.</strong></span> <span class='ocrx_word' id='word_1_98' title='bbox 574 1696 577 1702; x_wconf 79' lang='grc'><strong>’</strong></span> <span class='ocrx_word' id='word_1_99' title='bbox 625 1692 628 1699; x_wconf 82' lang='grc'><strong>’</strong></span> <span class='ocrx_word' id='word_1_100' title='bbox 724 1711 728 1718; x_wconf 89' lang='grc'><strong>’</strong></span> <span class='ocrx_word' id='word_1_101' title='bbox 805 1739 821 1785; x_wconf 65' lang='lat'><em>3</em></span> <span class='ocrx_word' id='word_1_102' title='bbox 914 1702 1038 1763; x_wconf 81' lang='lat' dir='ltr'>dantum</span> 
     </span>
    </p>

    <p class='ocr_par' dir='ltr' id='par_1_4' title="bbox 169 1794 1080 1983">
     <span class='ocr_line' id='line_1_16' title="bbox 169 1794 1027 1880; baseline 0.009 -21"><span class='ocrx_word' id='word_1_103' title='bbox 169 1797 299 1860; x_wconf 79' lang='lat' dir='ltr'><strong>Pectora</strong></span> <span class='ocrx_word' id='word_1_104' title='bbox 320 1800 496 1875; x_wconf 80' lang='lat' dir='ltr'><strong>pectoribus</strong></span> <span class='ocrx_word' id='word_1_105' title='bbox 517 1808 674 1879; x_wconf 89' lang='lat' dir='ltr'><strong>rumpunt,</strong></span> <span class='ocrx_word' id='word_1_106' title='bbox 696 1794 949 1880; x_wconf 80' lang='lat' dir='ltr'><strong>legitqucuimm</strong></span> <span class='ocrx_word' id='word_1_107' title='bbox 973 1803 1027 1867; x_wconf 83' lang='lat' dir='ltr'><strong>vir.</strong></span> 
     </span>
     <span class='ocr_line' id='line_1_17' title="bbox 170 1903 1080 1983; baseline 0.008 -19"><span class='ocrx_word' id='word_1_108' title='bbox 170 1904 247 1964; x_wconf 82' lang='lat' dir='ltr'><strong>Tum</strong></span> <span class='ocrx_word' id='word_1_109' title='bbox 264 1919 337 1964; x_wconf 89' lang='lat' dir='ltr'><strong>vero</strong></span> <span class='ocrx_word' id='word_1_110' title='bbox 353 1909 383 1965; x_wconf 91' lang='lat' dir='ltr'><strong>et</strong></span> <span class='ocrx_word' id='word_1_111' title='bbox 398 1903 529 1980; x_wconf 75' lang='lat' dir='ltr'><strong>gemitus</strong></span> <span class='ocrx_word' id='word_1_112' title='bbox 548 1904 778 1967; x_wconf 86' lang='lat' dir='ltr'><strong>morientumet</strong></span> <span class='ocrx_word' id='word_1_113' title='bbox 794 1907 946 1983; x_wconf 85' lang='lat' dir='ltr'><strong>sanguine</strong></span> <span class='ocrx_word' id='word_1_114' title='bbox 968 1907 998 1967; x_wconf 95' lang='lat' dir='ltr'><strong>in</strong></span> <span class='ocrx_word' id='word_1_115' title='bbox 1019 1910 1080 1981; x_wconf 89' lang='lat' dir='ltr'><strong>alto,</strong></span> 
     </span>
    </p>
   </div>
   <div class='ocr_carea' id='block_1_3' title="bbox 66 2009 1063 2094">
    <p class='ocr_par' dir='ltr' id='par_1_5' title="bbox 66 2009 1063 2094">
     <span class='ocr_line' id='line_1_18' title="bbox 66 2009 1063 2094; baseline 0.004 -27"><span class='ocrx_word' id='word_1_116' title='bbox 66 2075 70 2080; x_wconf 51' lang='grc'><em>,</em></span> <span class='ocrx_word' id='word_1_117' title='bbox 141 2087 144 2094; x_wconf 23' lang='lat'><strong>¹</strong></span> <span class='ocrx_word' id='word_1_118' title='bbox 171 2010 339 2087; x_wconf 80' lang='lat' dir='ltr'><strong>Armaque,</strong></span> <span class='ocrx_word' id='word_1_119' title='bbox 361 2025 568 2088; x_wconf 89' lang='lat' dir='ltr'><strong>corporaque,</strong></span> <span class='ocrx_word' id='word_1_120' title='bbox 592 2017 622 2070; x_wconf 91' lang='lat' dir='ltr'><strong>et</strong></span> <span class='ocrx_word' id='word_1_121' title='bbox 643 2010 782 2087; x_wconf 87' lang='lat' dir='ltr'><strong>permixti</strong></span> <span class='ocrx_word' id='word_1_122' title='bbox 803 2010 901 2072; x_wconf 83' lang='lat' dir='ltr'><strong>caede</strong></span> <span class='ocrx_word' id='word_1_123' title='bbox 923 2009 1063 2084; x_wconf 71' lang='lat' dir='ltr'><strong>unorum,</strong></span> 
     </span>
    </p>
   </div>
   <div class='ocr_carea' id='block_1_4' title="bbox 170 2113 1082 2520">
    <p class='ocr_par' dir='ltr' id='par_1_6' title="bbox 170 2113 854 2192">
     <span class='ocr_line' id='line_1_19' title="bbox 170 2113 854 2192; baseline 0.001 -18"><span class='ocrx_word' id='word_1_124' title='bbox 170 2113 372 2176; x_wconf 79' lang='lat' dir='ltr'><strong>Semianimes</strong></span> <span class='ocrx_word' id='word_1_125' title='bbox 394 2115 558 2175; x_wconf 81' lang='lat' dir='ltr'><strong>volvuntur</strong></span> <span class='ocrx_word' id='word_1_126' title='bbox 579 2115 650 2192; x_wconf 88' lang='lat' dir='ltr'><strong>oqui</strong></span> <span class='ocrx_word' id='word_1_127' title='bbox 672 2122 728 2176; x_wconf 88' lang='lat' dir='ltr'><strong>etc.</strong></span> <span class='ocrx_word' id='word_1_128' title='bbox 773 2179 778 2187; x_wconf 28' lang='grc' dir='ltr'><em>Ι</em></span> <span class='ocrx_word' id='word_1_129' title='bbox 851 2154 854 2159; x_wconf 88' lang='lat'><em>-</em></span> 
     </span>
    </p>

    <p class='ocr_par' dir='ltr' id='par_1_7' title="bbox 170 2200 1082 2520">
     <span class='ocr_line' id='line_1_20' title="bbox 251 2200 1081 2309; baseline 0.006 -32"><span class='ocrx_word' id='word_1_130' title='bbox 251 2218 283 2277; x_wconf 95' lang='lat' dir='ltr'><strong>ln</strong></span> <span class='ocrx_word' id='word_1_131' title='bbox 305 2218 355 2279; x_wconf 90' lang='lat' dir='ltr'><strong>tali</strong></span> <span class='ocrx_word' id='word_1_132' title='bbox 378 2217 534 2292; x_wconf 87' lang='lat' dir='ltr'><strong>conflictu,</strong></span> <span class='ocrx_word' id='word_1_133' title='bbox 564 2217 685 2297; x_wconf 88' lang='lat' dir='ltr'><strong>qualem</strong></span> <span class='ocrx_word' id='word_1_134' title='bbox 708 2218 756 2279; x_wconf 89' lang='lat' dir='ltr'><strong>his</strong></span> <span class='ocrx_word' id='word_1_135' title='bbox 778 2200 922 2281; x_wconf 90' lang='lat' dir='ltr'><strong>versibus</strong></span> <span class='ocrx_word' id='word_1_136' title='bbox 944 2220 1081 2309; x_wconf 84' lang='lat' dir='ltr'><strong>describit</strong></span> 
     </span>
     <span class='ocr_line' id='line_1_21' title="bbox 173 2321 1081 2410; baseline 0.008 -30"><span class='ocrx_word' id='word_1_137' title='bbox 173 2321 331 2398; x_wconf 64' lang='lat' dir='ltr'><strong>Virgilius</strong></span> <span class='ocrx_word' id='word_1_138' title='bbox 361 2339 491 2400; x_wconf 83' lang='lat' dir='ltr'><strong>magnus</strong></span> <span class='ocrx_word' id='word_1_139' title='bbox 512 2331 768 2410; x_wconf 66' lang='lat' dir='ltr'><strong>motusmagna</strong></span> <span class='ocrx_word' id='word_1_140' title='bbox 789 2341 944 2387; x_wconf 91' lang='lat' dir='ltr'><strong>armorum</strong></span> <span class='ocrx_word' id='word_1_141' title='bbox 964 2325 1081 2398; x_wconf 89' lang='lat' dir='ltr'><strong>collisio,</strong></span> 
     </span>
     <span class='ocr_line' id='line_1_22' title="bbox 170 2421 1082 2520; baseline 0.005 -34"><span class='ocrx_word' id='word_1_142' title='bbox 170 2442 300 2503; x_wconf 86' lang='lat' dir='ltr'><strong>magnus</strong></span> <span class='ocrx_word' id='word_1_143' title='bbox 320 2425 477 2490; x_wconf 78' lang='lat' dir='ltr'><strong>&#39;tumultus</strong></span> <span class='ocrx_word' id='word_1_144' title='bbox 503 2421 561 2491; x_wconf 82' lang='lat' dir='ltr'><strong>est</strong></span> <span class='ocrx_word' id='word_1_145' title='bbox 600 2430 686 2491; x_wconf 93' lang='lat' dir='ltr'><strong>Illum</strong></span> <span class='ocrx_word' id='word_1_146' title='bbox 713 2438 812 2490; x_wconf 90' lang='lat' dir='ltr'><strong>actum</strong></span> <span class='ocrx_word' id='word_1_147' title='bbox 835 2436 867 2490; x_wconf 88' lang='lat' dir='ltr'><strong>et</strong></span> <span class='ocrx_word' id='word_1_148' title='bbox 886 2429 990 2520; x_wconf 80' lang='lat' dir='ltr'><strong>ipsam</strong></span> <span class='ocrx_word' id='word_1_149' title='bbox 1013 2428 1082 2507; x_wconf 76' lang='lat' dir='ltr'><strong>pug&#39;·</strong></span> 
     </span>
    </p>
   </div>
   <div class='ocr_carea' id='block_1_5' title="bbox 25 2528 1080 2617">
    <p class='ocr_par' dir='ltr' id='par_1_8' title="bbox 25 2528 1080 2617">
     <span class='ocr_line' id='line_1_23' title="bbox 25 2528 1080 2617; baseline 0.005 -26"><span class='ocrx_word' id='word_1_150' title='bbox 25 2553 29 2561; x_wconf 94' lang='lat'><em>·</em></span> <span class='ocrx_word' id='word_1_151' title='bbox 105 2582 109 2588; x_wconf 75' lang='grc'><strong><em>,</em></strong></span> <span class='ocrx_word' id='word_1_152' title='bbox 169 2548 253 2603; x_wconf 83' lang='lat' dir='ltr'><strong>nam,</strong></span> <span class='ocrx_word' id='word_1_153' title='bbox 277 2548 345 2593; x_wconf 91' lang='lat' dir='ltr'><strong>curn</strong></span> <span class='ocrx_word' id='word_1_154' title='bbox 366 2542 413 2593; x_wconf 90' lang='lat' dir='ltr'><strong>est</strong></span> <span class='ocrx_word' id='word_1_155' title='bbox 434 2534 463 2594; x_wconf 93' lang='lat' dir='ltr'><strong>in</strong></span> <span class='ocrx_word' id='word_1_156' title='bbox 488 2528 584 2612; x_wconf 89' lang='lat' dir='ltr'><strong>primo</strong></span> <span class='ocrx_word' id='word_1_157' title='bbox 597 2528 721 2617; x_wconf 75' lang='lat' dir='ltr'><strong>&#39;impetu&#39;</strong></span> <span class='ocrx_word' id='word_1_158' title='bbox 740 2543 793 2595; x_wconf 86' lang='lat' dir='ltr'><strong>aut</strong></span> <span class='ocrx_word' id='word_1_159' title='bbox 813 2537 844 2594; x_wconf 94' lang='lat' dir='ltr'><strong>in</strong></span> <span class='ocrx_word' id='word_1_160' title='bbox 864 2535 937 2611; x_wconf 89' lang='lat' dir='ltr'><strong>ipso</strong></span> <span class='ocrx_word' id='word_1_161' title='bbox 960 2535 1080 2608; x_wconf 84' lang='lat' dir='ltr'><strong>fervore,</strong></span> 
     </span>
    </p>
   </div>
   <div class='ocr_carea' id='block_1_6' title="bbox 129 2640 1082 3251">
    <p class='ocr_par' dir='ltr' id='par_1_9' title="bbox 129 2640 1082 3251">
     <span class='ocr_line' id='line_1_24' title="bbox 170 2640 1079 2709; baseline 0.006 -13"><span class='ocrx_word' id='word_1_162' title='bbox 170 2653 239 2697; x_wconf 89' lang='lat' dir='ltr'><strong>curn</strong></span> <span class='ocrx_word' id='word_1_163' title='bbox 261 2644 445 2698; x_wconf 87' lang='lat' dir='ltr'><strong>taratantara</strong></span> <span class='ocrx_word' id='word_1_164' title='bbox 466 2645 496 2700; x_wconf 91' lang='lat' dir='ltr'><strong>et</strong></span> <span class='ocrx_word' id='word_1_165' title='bbox 517 2640 589 2701; x_wconf 88' lang='lat' dir='ltr'><strong>tuba</strong></span> <span class='ocrx_word' id='word_1_166' title='bbox 613 2640 706 2709; x_wconf 88' lang='lat' dir='ltr'><strong>cauit,</strong></span> <span class='ocrx_word' id='word_1_167' title='bbox 723 2655 795 2702; x_wconf 89' lang='lat' dir='ltr'><strong>cum</strong></span> <span class='ocrx_word' id='word_1_168' title='bbox 818 2640 1028 2702; x_wconf 86' lang='lat' dir='ltr'><strong>conclamatur</strong></span> <span class='ocrx_word' id='word_1_169' title='bbox 1047 2641 1079 2703; x_wconf 89' lang='lat' dir='ltr'><strong>ad</strong></span> 
     </span>
     <span class='ocr_line' id='line_1_25' title="bbox 129 2728 1080 2821; baseline 0.007 -20"><span class='ocrx_word' id='word_1_170' title='bbox 129 2728 133 2744; x_wconf 86' lang='lat'>&#39;</span> <span class='ocrx_word' id='word_1_171' title='bbox 169 2758 262 2813; x_wconf 86' lang='lat' dir='ltr'><strong>arma,</strong></span> <span class='ocrx_word' id='word_1_172' title='bbox 284 2741 313 2802; x_wconf 89' lang='lat' dir='ltr'><strong>id</strong></span> <span class='ocrx_word' id='word_1_173' title='bbox 329 2751 437 2804; x_wconf 89' lang='lat' dir='ltr'><strong>vocant</strong></span> <span class='ocrx_word' id='word_1_174' title='bbox 451 2743 542 2815; x_wconf 91' lang='lat' dir='ltr'><strong>Seon,</strong></span> <span class='ocrx_word' id='word_1_175' title='bbox 565 2760 656 2821; x_wconf 87' lang='lat' dir='ltr'><strong>quem</strong></span> <span class='ocrx_word' id='word_1_176' title='bbox 671 2747 828 2807; x_wconf 88' lang='lat' dir='ltr'><strong>tumultum</strong></span> <span class='ocrx_word' id='word_1_177' title='bbox 843 2746 959 2807; x_wconf 87' lang='lat' dir='ltr'><strong>excitat</strong></span> <span class='ocrx_word' id='word_1_178' title='bbox 975 2747 1080 2808; x_wconf 92' lang='lat' dir='ltr'><strong>clamor</strong></span> 
     </span>
     <span class='ocr_line' id='line_1_26' title="bbox 170 2845 1080 3019; baseline 0.008 -113"><span class='ocrx_word' id='word_1_179' title='bbox 170 2846 318 2920; x_wconf 82' lang='lat' dir='ltr'><strong>virorum,</strong></span> <span class='ocrx_word' id='word_1_180' title='bbox 341 2845 519 3019; x_wconf 36' lang='lat' dir='ltr'><strong>&amp;inultus</strong></span> <span class='ocrx_word' id='word_1_181' title='bbox 535 2851 743 2927; x_wconf 83' lang='lat' dir='ltr'><strong>strepitusque</strong></span> <span class='ocrx_word' id='word_1_182' title='bbox 762 2865 920 2928; x_wconf 89' lang='lat' dir='ltr'><strong>equorum,</strong></span> <span class='ocrx_word' id='word_1_183' title='bbox 944 2851 1080 2914; x_wconf 89' lang='lat' dir='ltr'><strong>bombar-</strong></span> 
     </span>
     <span class='ocr_line' id='line_1_27' title="bbox 137 2951 1059 3041; baseline 0.007 -29"><span class='ocrx_word' id='word_1_184' title='bbox 137 2951 289 3022; x_wconf 57' lang='lat' dir='ltr'><strong>‚darum,</strong></span> <span class='ocrx_word' id='word_1_185' title='bbox 313 2957 343 3012; x_wconf 91' lang='lat' dir='ltr'><strong>tu</strong></span> <span class='ocrx_word' id='word_1_186' title='bbox 403 2968 452 3012; x_wconf 95' lang='lat' dir='ltr'><strong>um</strong></span> <span class='ocrx_word' id='word_1_187' title='bbox 475 2961 531 3014; x_wconf 89' lang='lat' dir='ltr'><strong>etc.</strong></span> <span class='ocrx_word' id='word_1_188' title='bbox 584 2976 588 2987; x_wconf 64' lang='lat'>¹</span> <span class='ocrx_word' id='word_1_189' title='bbox 642 2981 645 2989; x_wconf 58' lang='lat'><strong><em>¹</em></strong></span> <span class='ocrx_word' id='word_1_190' title='bbox 896 3006 897 3010; x_wconf 65' lang='lat'><strong>,</strong></span> <span class='ocrx_word' id='word_1_191' title='bbox 1055 3037 1059 3041; x_wconf 91' lang='lat'>.</span> 
     </span>
     <span class='ocr_line' id='line_1_28' title="bbox 245 3045 1082 3140; baseline 0.01 -24"><span class='ocrx_word' id='word_1_192' title='bbox 245 3045 430 3133; x_wconf 78' lang='lat' dir='ltr'><strong>&#39;Haecigilur</strong></span> <span class='ocrx_word' id='word_1_193' title='bbox 441 3057 557 3123; x_wconf 77' lang='lat' dir='ltr'><strong>uidetur</strong></span> <span class='ocrx_word' id='word_1_194' title='bbox 566 3073 638 3120; x_wconf 87' lang='lat' dir='ltr'><strong>csse</strong></span> <span class='ocrx_word' id='word_1_195' title='bbox 649 3059 805 3132; x_wconf 85' lang='lat' dir='ltr'><strong>sententia,</strong></span> <span class='ocrx_word' id='word_1_196' title='bbox 819 3059 865 3119; x_wconf 82' lang='lat' dir='ltr'><strong>Tu</strong></span> <span class='ocrx_word' id='word_1_197' title='bbox 876 3063 1082 3140; x_wconf 86' lang='lat' dir='ltr'><strong>superastiju·</strong></span> 
     </span>
     <span class='ocr_line' id='line_1_29' title="bbox 169 3160 1082 3251; baseline 0.009 -29"><span class='ocrx_word' id='word_1_198' title='bbox 169 3177 240 3236; x_wconf 85' lang='lat' dir='ltr'><strong>gum</strong></span> <span class='ocrx_word' id='word_1_199' title='bbox 262 3160 379 3232; x_wconf 90' lang='lat' dir='ltr'><strong>oneris,</strong></span> <span class='ocrx_word' id='word_1_200' title='bbox 401 3170 555 3251; x_wconf 81' lang='lat' dir='ltr'><strong>sceptrum</strong></span> <span class='ocrx_word' id='word_1_201' title='bbox 577 3163 745 3235; x_wconf 85' lang='lat' dir='ltr'><strong>exactoris,</strong></span> <span class='ocrx_word' id='word_1_202' title='bbox 766 3172 797 3225; x_wconf 88' lang='lat' dir='ltr'><strong>et</strong></span> <span class='ocrx_word' id='word_1_203' title='bbox 818 3163 936 3241; x_wconf 86' lang='lat' dir='ltr'><strong>virgam</strong></span> <span class='ocrx_word' id='word_1_204' title='bbox 959 3167 1082 3238; x_wconf 78' lang='lat' dir='ltr'><strong>humeri</strong></span> 
     </span>
    </p>
   </div>
   <div class='ocr_carea' id='block_1_7' title="bbox 116 3365 1109 3770">
    <p class='ocr_par' dir='ltr' id='par_1_10' title="bbox 167 3365 1084 3559">
     <span class='ocr_line' id='line_1_30' title="bbox 168 3365 1084 3462; baseline 0.011 -32"><span class='ocrx_word' id='word_1_205' title='bbox 168 3371 363 3443; x_wconf 85' lang='lat' dir='ltr'><strong>cumlmste,</strong></span> <span class='ocrx_word' id='word_1_206' title='bbox 389 3387 467 3432; x_wconf 55' lang='lat' dir='ltr'><strong>,narn</strong></span> <span class='ocrx_word' id='word_1_207' title='bbox 490 3372 605 3434; x_wconf 88' lang='lat' dir='ltr'><strong>Gideon</strong></span> <span class='ocrx_word' id='word_1_208' title='bbox 626 3373 773 3435; x_wconf 87' lang='lat' dir='ltr'><strong>buccinas</strong></span> <span class='ocrx_word' id='word_1_209' title='bbox 794 3365 908 3462; x_wconf 70' lang='lat' dir='ltr'><strong>tantum</strong></span> <span class='ocrx_word' id='word_1_210' title='bbox 932 3368 1084 3440; x_wconf 82' lang='lat' dir='ltr'><strong>trecentas</strong></span> 
     </span>
     <span class='ocr_line' id='line_1_31' title="bbox 167 3472 1083 3559; baseline 0.01 -25"><span class='ocrx_word' id='word_1_211' title='bbox 167 3472 285 3535; x_wconf 85' lang='lat' dir='ltr'><strong>inflavit·</strong></span> <span class='ocrx_word' id='word_1_212' title='bbox 314 3484 345 3535; x_wconf 92' lang='lat' dir='ltr'><strong>et</strong></span> <span class='ocrx_word' id='word_1_213' title='bbox 373 3477 496 3538; x_wconf 83' lang='lat' dir='ltr'><strong>totidem</strong></span> <span class='ocrx_word' id='word_1_214' title='bbox 518 3484 614 3539; x_wconf 86' lang='lat' dir='ltr'><strong>testas</strong></span> <span class='ocrx_word' id='word_1_215' title='bbox 635 3477 734 3554; x_wconf 83' lang='lat' dir='ltr'><strong>ignem</strong></span> <span class='ocrx_word' id='word_1_216' title='bbox 756 3477 906 3542; x_wconf 89' lang='lat' dir='ltr'><strong>habentes</strong></span> <span class='ocrx_word' id='word_1_217' title='bbox 929 3483 1083 3559; x_wconf 80' lang='lat' dir='ltr'><strong>confregit</strong></span> 
     </span>
    </p>

    <p class='ocr_par' dir='ltr' id='par_1_11' title="bbox 116 3565 1109 3770">
     <span class='ocr_line' id='line_1_32' title="bbox 166 3565 1109 3665; baseline 0.008 -25"><span class='ocrx_word' id='word_1_218' title='bbox 166 3577 232 3640; x_wconf 86' lang='lat' dir='ltr'><strong>Non</strong></span> <span class='ocrx_word' id='word_1_219' title='bbox 250 3565 434 3642; x_wconf 51' lang='lat' dir='ltr'><strong>iuit‘bellum</strong></span> <span class='ocrx_word' id='word_1_220' title='bbox 451 3581 548 3665; x_wconf 69' lang='lat' dir='ltr'><strong>⁴gladii</strong></span> <span class='ocrx_word' id='word_1_221' title='bbox 571 3591 675 3644; x_wconf 89' lang='lat' dir='ltr'><strong>contra</strong></span> <span class='ocrx_word' id='word_1_222' title='bbox 697 3566 842 3660; x_wconf 77' lang='lat' dir='ltr'><strong>gladium,</strong></span> <span class='ocrx_word' id='word_1_223' title='bbox 876 3584 988 3663; x_wconf 82' lang='lat' dir='ltr'><strong>hastae</strong></span> <span class='ocrx_word' id='word_1_224' title='bbox 1012 3604 1083 3650; x_wconf 89' lang='lat' dir='ltr'><strong>con·</strong></span> <span class='ocrx_word' id='word_1_225' title='bbox 1108 3584 1109 3590; x_wconf 71' lang='grc'>’</span> 
     </span>
     <span class='ocr_line' id='line_1_33' title="bbox 116 3662 1081 3770; baseline 0.012 -26"><span class='ocrx_word' id='word_1_226' title='bbox 116 3662 119 3675; x_wconf 65' lang='grc'>’</span> <span class='ocrx_word' id='word_1_227' title='bbox 167 3690 214 3745; x_wconf 89' lang='lat' dir='ltr'><strong>tra</strong></span> <span class='ocrx_word' id='word_1_228' title='bbox 258 3683 397 3758; x_wconf 87' lang='lat' dir='ltr'><strong>hastam,</strong></span> <span class='ocrx_word' id='word_1_229' title='bbox 456 3671 520 3749; x_wconf 85' lang='lat' dir='ltr'><strong>nec</strong></span> <span class='ocrx_word' id='word_1_230' title='bbox 553 3690 662 3750; x_wconf 90' lang='lat' dir='ltr'><strong>vulnus</strong></span> <span class='ocrx_word' id='word_1_231' title='bbox 703 3696 807 3770; x_wconf 85' lang='lat' dir='ltr'><strong>contra</strong></span> <span class='ocrx_word' id='word_1_232' title='bbox 851 3672 977 3764; x_wconf 66' lang='lat' dir='ltr'><strong>cornus,</strong></span> <span class='ocrx_word' id='word_1_233' title='bbox 1028 3680 1081 3755; x_wconf 85' lang='lat' dir='ltr'><strong>sed</strong></span> 
     </span>
    </p>
   </div>
   <div class='ocr_carea' id='block_1_8' title="bbox 0 0 1134 4170">
    <p class='ocr_par' dir='ltr' id='par_1_12' title="bbox 0 0 1134 4170">
     <span class='ocr_line' id='line_1_34' title="bbox 0 0 1134 4170; baseline 0 0"><span class='ocrx_word' id='word_1_234' title='bbox 0 0 1134 4170; x_wconf 95' lang='lat' dir='ltr'><strong> </strong></span> 
     </span>
    </p>
   </div>
  </div>
 </body>
</html>
