2258 4170
440 173 585 248 Praefatio.
911 177 971 244 301
1077 246 1080 251 ,

83 344 104 420 ri
126 394 170 410 -
192 356 225 430 d.
254 363 369 429 Docior
389 365 533 445 Cruciger
554 372 585 427 et
606 350 647 427 m'
669 366 760 427 vitus
783 360 974 433 Theodorus,

83 466 179 530 rihoc
195 470 434 549 descriptionum
463 472 567 534 tobore
590 458 751 546 ecetesiam
774 485 838 532 non
861 468 977 531 medio·

83 572 142 636 iter
159 574 269 651 juvant
290 578 382 656 inque
403 579 463 641 hoc
492 595 602 655 genere
625 583 820 655 praestantes
843 574 975 636 artifices

83 688 137 753 rut,
159 664 233 742 'tum
264 684 332 745 eliis
356 702 481 763 queque
503 692 533 746 et
555 684 749 759 gravioribus
770 664 989 743 ernnt'occu·'
1060 746 1064 753 ι

84 785 130 856 ati,
163 804 255 864 quom
285 788 394 852 uthis
425 806 536 851 vocare
568 788 728 866 potuerint
772 785 849 849 Cum
872 785 976 873 itaque

83 907 113 951 ec
128 890 194 968 ipse
210 893 248 952 M.
261 894 410 971 Georgius
432 880 608 956 describere
630 900 745 971 posset,
768 908 824 953 nec
846 889 976 952 heberet

83 998 150 1069 ium,
173 1000 226 1073 qui
246 999 278 1060 id
296 1000 411 1063 iaboris
433 990 713 1087 suscipeievetiet,
735 998 844 1069 missis
865 996 904 1056 ad
927 1012 975 1057 me

83 1104 98 1164 ir
114 1106 192 1181 quae
216 1113 381 1182 exceperat
401 1106 521 1183 rogavit
542 1121 597 1182 per
618 1090 722 1166 literas'
744 1102 920 1181 diligenter,
942 1109 976 1163 nt
1070 1135 1084 1157 ι

83 1198 107 1267 ‚d'
125 1225 317 1291 communem
352 1211 503 1272 ecclesiae
534 1220 564 1273 et
597 1210 785 1288 posteritatis
816 1208 974 1270 utilitatem

83 1329 113 1373 un
134 1329 280 1388 gravarer
300 1314 485 1379 describere.
795 1392 798 1397 ¹

134 1418 280 1492 Quamvis
308 1429 410 1484 autem
440 1420 524 1487 nihii,
545 1422 604 1487 tate
626 1439 644 1483 a
662 1438 711 1482 me
734 1426 805 1507 aruc¹
827 1426 972 1482 tentatum

83 1530 136 1583 sset
164 1524 443 1606 imbecillitatisque
476 1527 583 1590 uirium
610 1543 746 1590 mearum
778 1526 876 1617 probe
903 1523 999 1589 mini‘
1065 1519 1067 1522 ⁴

83 1629 194 1692 mscius
217 1647 319 1693 essem
341 1666 383 1677 -
405 1641 505 1695 tamen
528 1649 597 1694 cum
620 1616 784 1711 peteretis
805 1648 825 1693 a
847 1649 903 1706 me,
926 1628 974 1694 cni

83 1734 151 1795 uitis
169 1738 344 1800 nominibus
366 1755 435 1800 sum
456 1738 617 1800 devinctus
639 1722 751 1819 cuique
770 1718 886 1816 negare
907 1736 976 1802 offi-

83 1855 103 1900 a
120 1857 188 1902 rnen
210 1845 297 1906 nefas
319 1843 450 1905 duxi-
472 1844 619 1929 citabori
642 1846 786 1920 accingor
807 1849 884 1908 etc“.

131 1944 362 2011 Enarratiouem
383 1940 554 2013 uberiorem¹
577 1966 646 2041 cap.
667 1948 730 2010 Liil
749 1946 860 2041 Esaiae
879 1950 977 2027 ¹edidit
1036 1956 1044 1970 '

83 2052 167 2115 dnus
180 2052 544 2131 StephanusTucherus3
566 2063 596 2117 et
618 2071 680 2132 que
703 2070 816 2119 caussa
838 2054 973 2118 commo-

83 2175 107 2253 rs
124 2136 281 2237 hocopus
303 2156 489 2239 susceperit,
523 2179 563 2223 ex
583 2162 644 2225 tine
666 2160 864 2269 cruciationis
881 2170 974 2241 petet,

83 2281 144 2339 uem
165 2266 288 2327 editioni
311 2284 388 2329 suae
410 2268 577 2345 praemisit
657 2263 662 2271 '

103 2356 168 2433 In
193 2372 303 2475 poeuis
325 2381 356 2434 et
376 2370 601 2445 afflictionibus,
625 2374 673 2435 itte
696 2358 807 2453 inquit,
829 2390 909 2453 quae
931 2374 972 2441 ob

83 2454 144 2547 cibi
165 2477 258 2538 divini
281 2466 311 2539 e't
332 2480 471 2541 sincerae
493 2479 631 2541 veritatis
653 2488 852 2552 contemtum,
883 2484 971 2558 prae-

83 2583 156 2645 ertim
183 2582 211 2643 iu
234 2590 278 2644 tot
301 2576 457 2645 Interim
479 2572 672 2657 exhibitum,
685 2584 856 2649 certissime
878 2585 974 2648 insta·
1024 2670 1027 2674 ¹

83 2701 143 2764 runt,
172 2680 331 2791 „exempta
355 2674 566 2770 apostolorum
586 2674 621 2771 e't
639 2698 804 2768 urartyrum
828 2691 973 2761 imitanda

83 2792 145 2857 tobis
160 2794 198 2853 ob
220 2782 327 2855 ocutos
350 2807 523 2871 proponere
539 2784 731 2868 deberemus,
751 2804 782 2857 et
803 2799 877 2901 niter
899 2800 973 2860 otte-

83 2896 143 2983 :noi
155 2899 281 2960 invitare
318 2905 349 2961 et
382 2890 516 2995 excitare
543 2902 582 2963 ad
609 2904 810 2985 constantiam
840 2904 869 2964 in
899 2874 982 2989 vera

83 2976 204 3083 reiigione.
248 3005 323 3067 Nam
353 2996 488 3097 proiecto
518 3010 629 3070 irustre
651 3008 855 3095 somniamus,
877 3028 973 3088 posse

83 3127 122 3172 nos
142 3110 290 3173 christum
327 3108 503 3198 praedicare
533 3131 570 3177 sc
601 3131 708 3175 nomen
737 3106 804 3193 ejn's
837 3116 973 3179 confiteri

83 3216 128 3277 rice
157 3214 370 3295 persecutione
402 3224 432 3278 et
460 3216 629 3281 offensione
658 3236 857 3284 summorum
905 3218 970 3284 Nou

83 3322 246 3415 subinnuit
265 3322 345 3384 iiiios
368 3324 437 3397 Dei,
445 3324 639 3413 disciputus
661 3342 754 3404 super
776 3325 971 3421 magistrorum

83 3426 151 3488 siue
170 3430 322 3505 persecuti
344 3438 475 3501 suntet
497 3448 554 3493 vos
576 3438 808 3510 persequentur
840 3430 875 3493 Et
895 3432 973 3511 Pun-

83 3549 115 3613 pus
136 3538 186 3625 ait
217 3535 346 3609 Omnes,
371 3537 433 3615 qui
468 3538 572 3598 retunt
601 3537 651 3616 pie
675 3530 777 3629 rivere
799 3538 837 3609 in
850 3537 972 3603 Christo

83 3635 144 3711 iesu,
174 3641 420 3737 persecutionem
445 3644 603 3721 patientur.
654 3639 725 3704 Ideo
753 3620 874 3722 oportet
904 3663 962 3709 nos

83 3749 195 3806 utracra
215 3746 343 3811 historia
364 3749 467 3825 refert,
496 3763 580 3810 more
602 3748 819 3824 israelitarum,
842 3768 910 3813 cum
933 3768 972 3816 ex
