2258 4170
44 195 61 289 Ἰ
93 175 133 243 16
282 181 372 258 Caput
394 183 640 260 quadragesimum
661 138 824 269 seeundum*

1 349 3 353 ’
91 367 122 424 et
140 362 202 423 sint
221 361 271 422 bis
292 362 406 434 miperi.
447 363 515 424 Alia
537 363 588 425 via
609 371 657 426 est
678 365 853 443 proposita,
883 383 945 442 qua
975 367 1005 426 in

89 467 199 537 madiis
212 458 354 546 pe'rieulis
367 450 516 543 vivamus,
528 477 561 531 ut
576 471 755 533 claudamus
766 473 882 545 oeulos,
895 481 926 533 et
940 489 1006 534 ere-

89 572 214 646 damus,
235 552 434 669 etiamsinon
457 577 541 637 casei
563 575 804 650 simustrtamen
827 576 923 640 Deum
943 594 1005 643 pon

92 694 327 763 emerseram,
348 679 405 742 sed
436 680 541 744 videre
568 683 681 744 exitum
703 684 891 758 tentationis,
927 685 1006 747 sieut
1029 746 1035 760 ,

5 834 8 852 ,
95 785 177 858 dicit
202 784 229 849 1.
252 780 387 849 Corinth.
415 783 464 852 10.
671 866 676 879 x
842 872 845 876 Ι

33 884 35 889 ’
167 880 295 955 Etiamsi
316 891 459 971 igitur‘in
479 895 629 970 prolundo
663 893 756 956 maris
783 911 890 983 esses,
924 895 1005 958 sieut

84 999 196 1071 Jonas,
226 982 327 1061 tamen
347 998 431 1060 Deus
454 998 534 1061 viam
556 1008 588 1061 et
608 1000 732 1062 modum
754 1001 850 1075 videt,
885 1019 948 1079 quo
972 1009 1004 1063 te

16 1118 20 1139 ¹
85 1098 204 1170 edurat.
247 1105 321 1181 Quis
341 1107 420 1168 enim
442 1103 539 1168 ionae
560 1098 643 1167 'dedit
665 1106 754 1177 viam,
776 1115 842 1168 erat
867 1125 929 1170 non
951 1125 1004 1169 so-

32 1247 36 1257 ,
84 1215 145 1276 lum
168 1227 297 1285 caedue,
331 1210 386 1273 sed
418 1211 449 1272 in
478 1212 651 1289 duplicibus
680 1212 821 1274 tenebris.
865 1213 918 1275 Sic
946 1230 1028 1301 nos=

87 1309 374 1399 qubquedebomus
396 1306 583 1392 eaeai'esse,
604 1326 634 1379 el
654 1316 729 1378 nihil
747 1318 859 1391 videre,
880 1326 913 1380 ut
935 1321 1004 1399 ipse

85 1427 173 1489 solus
195 1414 297 1488 omnia
318 1422 430 1487 videat.
472 1423 544 1486 ldeo
566 1408 695 1486 vullnos
716 1425 780 1485 fieri
793 1425 910 1486 similes
926 1442 1003 1502 pue-

86 1542 198 1599 rorum.
242 1528 419 1592 Adversarii
443 1535 542 1590 autem
569 1537 599 1590 et
619 1545 727 1592 omnes
748 1530 832 1608 impii
849 1547 910 1592 non
933 1539 1005 1592 sunt
1030 1603 1034 1610 ¹

85 1637 188 1717 pareri,
216 1635 287 1698 ideo
316 1634 430 1695 habent
452 1636 560 1696 oeulos
582 1642 721 1713 apertos,
754 1635 857 1696 varias
879 1651 1020 1711 semper·

85 1722 154 1805 vias
175 1748 205 1804 et
225 1740 335 1803 modos
358 1747 483 1821 oemunt
504 1747 534 1801 et
555 1749 712 1818 quaerunt,
734 1742 846 1818 qulbus
865 1758 924 1803 nos
946 1747 1003 1819 op·-

59 1892 61 1897 -
83 1850 225 1930 primunt
265 1846 329 1909 Nos
346 1854 447 1907 autem
470 1847 554 1908 eaeoi
576 1863 693 1918 sumus,
715 1855 748 1908 ut
764 1848 833 1925 ipse
854 1848 1010 1913 dominus.

82 1963 189 2018 noster
201 1940 341 2016 Christus
362 1953 415 2029 det
435 1951 524 2014 nobis
546 1953 737 2024 intellectum,
759 1961 789 2013 et
809 1952 909 2021 dumet
926 1970 1001 2028 oau-

60 2062 131 2132 ‚los
153 2043 245 2124 εἰιοεΚ
265 2073 360 2136 super
387 2065 417 2119 et
449 2058 479 2118 in
500 2044 575 2119 nos(
609 2057 695 2119 Siout
721 2057 872 2120 fecithoc
893 2067 1002 2121 nostro

75 2156 359 2246 temporefsaepe„
390 2162 528 2224 Defendit
549 2179 608 2225 nos
630 2163 669 2238 ab
690 2164 830 2226 omnibus
846 2165 1000 2241 periculis,

15 2276 33 2301 “
82 2254 172 2355 duae„
191 2273 239 2335 his
267 2271 354 2343 annis
382 2269 512 2346 plurima
539 2277 610 2330 sunt
636 2269 666 2330 in
688 2268 746 2331 nos
768 2267 1000 2349 excogitata¹)‚

61 2380 136 2445 ,tot'
148 2379 270 2447 comitia
291 2356 624 2456 principum'lurbavit
646 2374 675 2436 in
698 2375 864 2454 quibusda
886 2377 1004 2455 nostris·

33 2554 40 2560 .
83 2485 255 2549 cervicibus
270 2482 350 2545 inita
371 2489 443 2544 sunt
463 2479 598 2543 consilia.

48 2636 51 2645 .
163 2589 200 2653 m
221 2606 297 2652 sane
318 2581 497 2665 ¹liugustana
517 2585 598 2646 haec
625 2583 791 2671 dominat)
815 2586 888 2664 quid
916 2587 999 2650 aliud

20 2764 23 2769 ,
79 2704 166 2765 erant
185 2711 278 2773 quam
299 2694 457 2766 tenebrae,
479 2693 515 2753 -in
543 2691 655 2769 quibus
683 2693 768 2754 oaeei
795 2691 1000 2755 errabamus?

83 2804 205 2881 Positae
228 2808 335 2863 autem
350 2806 422 2861 sunt
442 2798 586 2860 tenebrae
608 2814 710 2859 coram
733 2798 851 2860 nobis
844 2816 874 2860 m
888 2800 1000 2864 lucem.
1028 2818 1034 2829 ι

58 2910 164 3001 'Idem
184 2923 275 3006 porro
298 2906 389 2969 'etiam
405 2903 469 2976 fiet,
498 2903 589 2965 modo
611 2901 716 2963 firmi
709 2920 739 2963 m
759 2903 821 2965 fide
849 2912 881 2967 et
902 2905 1000 2997 verbo

80 3015 290 3097 perduramus.
333 3010 511 3106 Exemplum
532 3007 626 3085 hujus
648 2996 833 3073 caecitatis'
825 3027 854 3069 m
876 3007 1000 3083 Israeli-

80 3125 120 3185 tis
135 3121 181 3182 ad
202 3135 288 3183 mane
307 3115 432 3179 rubrum
454 3115 645 3192 propositum
667 3121 723 3186 est,
744 3115 795 3176 ubi
817 3116 1001 3209 simpliciter
1028 3149 1038 3160 ›

80 3226 267 3309 pereundum
287 3229 365 3296 orat,
387 3229 418 3284 et
439 3229 539 3297 tamen
561 3221 674 3283 servati
697 3229 776 3284 sunt.
1009 3208 1036 3229 ”

161 3334 254 3394 Porro
275 3347 336 3392 non
358 3329 457 3391 solum
479 3327 508 3387 in
521 3327 731 3404 corporalibus
745 3328 832 3391 malis
848 3327 910 3390 hoe
924 3346 1001 3392 eon·

79 3440 177 3505 tilium
199 3428 390 3514 sequendum
412 3441 474 3505 est,
497 3440 529 3496 ut
551 3432 729 3497 claudamus
744 3432 902 3514 ’oeulos‚]
936 3434 1000 3499 boe

39 3638 43 3647 Ι
83 3660 89 3673 “
150 3666 183 3738 ⁸)
201 3669 354 3736 Augustam
372 3661 478 3717 comitia
495 3659 571 3714 Anno
593 3656 669 3713 15³0.

25 3764 28 3769 ’
138 3762 173 3831 l)
195 3762 226 3819 lu
240 3762 310 3819 adn.
329 3758 417 3819 1582:
438 3760 465 3813 iu
483 3773 535 3813 nos
552 3762 615 3811 suat
630 3749 789 3821 excogitata.
821 3816 828 3827 Ι
