2258 4170
432 162 510 247 'cop
531 157 592 235 53..
603 168 711 231 Esaiae.
896 172 917 263 «
971 158 1034 228 505

100 352 198 441 turn,
229 358 355 414 mortem
387 342 420 412 ‘et
451 350 608 423 internum.
656 348 707 411 Sic
744 360 818 425 ergo
851 342 1034 424 intelligatur
1064 398 1070 409 .

93 455 270 533 -pnrtioutn
289 456 425 528 relative,
446 463 479 519 ut
498 473 594 534 saepe
615 446 692 517 olias
712 453 742 515 in
762 451 921 532 prophetis
944 467 1035 513 usur-

113 569 221 641 patur,
241 560 570 642 tenqnnmjnpposirio.
597 563 630 623 ln
651 560 811 640 prophetis
832 575 928 638 saepe
947 559 1036 621 omit-

112 666 194 741 titur
212 668 386 742 relativum,
410 671 478 747 qui,
500 686 590 747 quae,
611 669 704 747 quod.
746 668 831 728 Haeo
858 664 1036 744 simplieiter

88 790 191 838 'mes
211 783 261 837 est
279 762 441 848 sententie,
464 776 491 838 si
512 792 572 837 non
595 774 732 853 propriu,
760 782 862 835 tamen
885 788 958 833 vere
979 786 1047 868 per3

114 896 166 953 so,
186 882 297 967 meruit
316 878 397 944 filius
417 881 473 943 Dei
495 881 636 971 dominus
665 898 702 943 ne
729 880 914 958 redemptor·
931 884 1035 940 noster
1098 875 1100 882 '

111 986 216 1051 renus
238 987 386 1061 Christus,
406 1005 466 1050 nou
488 991 588 1051 solum
610 989 822 1051 remissionem
837 993 1033 1064 peecatorum

74 1138 83 1143 -
114 1108 178 1155 sun
201 1093 356 1172 passione,
381 1094 707 1168 etreeonoitintionem,
729 1093 890 1156 sedetiam
912 1091 1034 1164 donum,

115 1199 193 1278 quio
216 1216 272 1281 per
291 1198 444 1269 Christum
465 1216 526 1263 non
554 1208 670 1262 tentum
692 1202 764 1263 deta
786 1199 897 1276 grstia,
927 1197 983 1259 sed
1006 1202 1037 1258 et

117 1305 236 1369 veritas
257 1306 352 1378 iaetu,
373 1304 481 1371 Johnn.
504 1305 532 1368 1.
548 1307 640 1369 :Non
673 1307 761 1371 sucus
783 1314 832 1375 est
853 1306 883 1367 in
904 1303 1035 1374 Christo,

119 1416 298 1474 nitentum
332 1411 372 1473 sit
406 1412 565 1491 impetrate
593 1413 699 1489 gratia.
740 1413 835 1475 Immo
875 1417 1034 1489 peecatum

119 1504 213 1579 otiam
235 1523 432 1596 expurgatur.
1038 1578 1047 1591 ,

139 1621 249 1685 Ne
269 1621 321 1685 hie
347 1625 434 1687 loeus
455 1625 495 1686 sit
516 1640 572 1702 pro
593 1624 769 1698 antinomis,
799 1623 852 1703 qui
876 1574 1049 1701 peecatum,

105 1728 168 1791 uuio
199 1735 380 1801 extenuant,
415 1735 560 1808 tanquam
590 1728 684 1792 nihii
693 1730 748 1803 sit,
770 1731 842 1809 quie
869 1726 1034 1790 remissum

120 1840 187 1897 est.
221 1833 299 1896 Num
320 1835 390 1897 ideo
410 1837 440 1896 in
464 1844 591 1914 peooato
614 1835 815 1909 monebimus,
836 1834 908 1912 quio
927 1847 1038 1910 peona·

65 1912 91 1987 ⁴-
118 1944 183 2001 tum
204 1940 366 2003 remissum
389 1948 419 2003 et
431 1942 584 2005 subletum
606 1948 656 2003 est
676 1948 826 2003 etsumus
848 1940 908 2002 sub
930 1936 1037 2015 grstia,

65 2026 87 2039 “
116 2044 206 2108 Rom.
227 2041 258 2108 6.
283 2045 351 2108 Hoo
371 2055 456 2110 esset
478 2047 537 2109 sub
562 2048 659 2125 gratia
681 2047 749 2109 sive
770 2047 905 2114 veritate,
927 2043 958 2105 id
981 2048 1036 2114 est,

89 2146 92 2151 ’
113 2134 217 2225 tuens,
238 2159 398 2228 peecatum
421 2169 481 2215 oon
496 2160 611 2215 tontum
627 2152 800 2227 remissum,
821 2152 877 2215 sed
895 2152 1032 2227 iugatum
1066 2224 1072 2233 Ι

114 2263 148 2319 et
170 2256 325 2319 subtatum
347 2263 405 2320 est.
444 2257 510 2321 Non
531 2261 768 2337 tuntumgrstis,
791 2258 846 2323 sed
869 2258 959 2319 etiam
981 2254 1037 2317 do·
1077 2288 1080 2293 ·

115 2379 190 2425 nunu
211 2370 261 2425 est
270 2362 393 2436 ventas
412 2361 510 2442 Ephe
531 2365 562 2429 4.
597 2366 814 2444 Quaremonos
836 2360 1036 2442 inpeccatis?

112 2452 166 2530 'An
186 2468 299 2545 neseis,
320 2469 404 2548 quod
421 2468 562 2533 Christus
583 2481 721 2536 mortuus
743 2479 798 2545 est,
822 2479 852 2533 et
873 2475 1052 2548 peceatum.

81 2562 85 2566 ⁴
112 2573 306 2643 remissumi
332 2574 456 2637 Manere
476 2592 550 2654 ergo
576 2579 607 2640 in
628 2579 715 2652 odio,
742 2578 889 2641 ebrietate
910 2580 962 2636 out
980 2573 1035 2634 sd·
1052 2614 1054 2619 -

109 2667 228 2743 ultorio
249 2696 309 2743 non
331 2680 435 2744 debes.
478 2680 617 2747 Christus
643 2701 759 2762 pessus
788 2690 836 2746 est
866 2681 905 2742 ad
926 2681 1035 2743 remis·

112 2785 396 2864 sionem-pseusti,
424 2803 483 2850 non
505 2788 543 2850 ad
565 2790 716 2853 tinentinm
743 2790 843 2853 onmis
871 2793 902 2849 et
923 2803 1036 2850 eoncu-
1095 2806 1097 2810 ·

114 2893 303 2971 presentiae,
331 2899 364 2956 ut
384 2910 466 2972 pape
487 2894 617 2974 imputat
636 2884 726 2959 nobis
752 2895 834 2958 hono
860 2893 1034 2958 horribilem

113 2996 361 3074 brasphemiam,
392 3000 482 3079 quasi
504 3002 679 3066 doceamus
698 3001 840 3065 homines
860 3017 969 3064 secure
991 3001 1036 3060 vi·

115 3117 209 3174 vere,
244 3104 311 3165 sine
338 3104 421 3180 lege,
455 3107 485 3167 in
512 3107 633 3169 lieentia
660 3109 793 3175 omnium
828 3114 1035 3185 peecatorum,

115 3206 207 3287 quod
226 3209 277 3271 tex
296 3225 357 3271 non
379 3209 492 3287 obliget
513 3210 552 3273 od
574 3211 808 3278 damnationem.
838 3212 1036 3275 ceremoniae

116 3320 194 3375 sunt
214 3314 372 3396 sublatae,
392 3325 426 3379 ut
447 3318 571 3382 moretis
592 3321 642 3381 lex
663 3320 781 3392 obtuto,
808 3327 841 3381 ut
862 3333 923 3380 non
946 3324 1038 3379 vexet

117 3418 327 3482 conscientias
347 3429 479 3493 nostrus,
501 3440 561 3486 non
583 3424 770 3503 simpliciter,
793 3425 848 3485 sed
870 3425 900 3485 in
921 3422 1040 3501 spiritu,

120 3523 161 3606 1„
174 3523 306 3609 corinth.
326 3523 357 3600 5,
383 3528 455 3605 quia
484 3530 710 3608 repurgondum
738 3538 828 3593 vetus
850 3531 1038 3602 termentum,

116 3637 154 3693 ut
175 3646 258 3693 nove
270 3632 368 3695 simus
388 3636 577 3712 conspersio,
599 3645 755 3715 purgetur,
778 3635 934 3710 occiditur,
954 3651 1038 3697 oom-

115 3736 245 3821 bpritur,
268 3744 300 3799 ut
320 3739 457 3803 destrunt
478 3757 592 3821 eorpus
616 3741 743 3820 peceati
