2258 4170
405 246 415 273 Ι
510 167 620 233 lissiae
901 173 908 192 ¹
993 159 1035 229 55

78 390 83 395 -
112 349 226 422 stolato.
246 337 366 426 lnquit.¹
384 347 483 411 Nolite
498 363 655 426 quaerore,
676 363 732 410 our
750 364 807 410 vos
822 347 868 410 sio
879 345 1026 421 affligam.
1046 399 1052 412 .

112 457 208 525 Estote
236 457 395 543 pptientes
415 457 452 517 iu
480 437 644 533 praesenti,
674 461 707 515 et
727 454 819 519 nolito
852 453 890 515 de
924 454 1025 515 lutuno

80 561 222 627 -ooliciti
245 578 331 624 esse.
373 560 440 637 Ego
469 561 655 622 euimsum
678 567 798 622 creator
820 566 937 632 vester,
973 559 1027 637 qul

109 667 204 731 omnia
226 684 285 745 pro
307 683 379 728 mea
400 668 556 728 voluntate
579 666 657 729 loelu
680 673 713 727 et
732 665 872 743 guberno
894 673 963 728 eto.⁴

298 855 481 943 Ventura
501 851 755 932 interrogate
777 869 843 917 me.

59 1026 61 1035 .
109 970 112 975 ’
181 981 356 1061 Empbnsls
378 983 467 1044 estin
486 982 668 1061 pronomine
689 984 747 1046 Me.
790 983 936 1061 Dicuntur
949 983 1030 1045 enim

99 1089 178 1173 bane
200 1091 233 1151 in
254 1088 498 1155 consolationem
516 1090 647 1151 loturam
670 1106 785 1161 eorum,
807 1089 859 1166 qui
882 1087 912 1149 in
923 1088 1029 1168 Baby·
1099 1166 1101 1171 Ι

100 1198 201 1259 louom
225 1202 315 1257 erant
329 1176 540 1267 transterendi,
562 1202 595 1256 ut
617 1196 795 1290 praeveniat
817 1211 873 1256 eos
897 1195 1027 1272 promis-

77 1301 268 1389 Ιιιίοιιίιιιιιι,ἱ
296 1309 332 1365 ut
359 1300 434 1363 uerti
456 1301 517 1362 sint
545 1317 581 1362 se
609 1301 672 1363 Deo
695 1317 789 1365 curae
816 1316 903 1372 esse,
937 1302 1027 1377 quasi

103 1408 201 1471 dieat:
242 1406 408 1485 Applieato
441 1422 533 1468 aures
564 1412 684 1468 vestras
705 1407 744 1469 ad
760 1423 868 1467 -meum
893 1407 1027 1478 verbum,

78 1514 133 1576 'et
154 1512 330 1577 secundum
351 1528 455 1574 meum
467 1511 593 1574 verbum
601 1510 747 1587 judicate.
779 1512 810 1572 lu
833 1513 1026 1575 tribulatione

103 1620 182 1681 onim
199 1614 253 1696 ι)]
282 1634 343 1685 non
366 1618 517 1680 debemus
533 1618 622 1695 sequi
635 1618 839 1694 cogitationes
861 1628 891 1681 et
912 1635 1026 1681 sensus

59 1788 61 1797 ,
108 1732 240 1797 austros,
260 1723 318 1787 sed
333 1725 460 1786 uerbum
481 1732 512 1784 et
534 1723 765 1800 promissiones.
803 1725 898 1800 [Dicit
919 1724 1026 1802 igilur:

110 1832 134 1891 A
152 1846 204 1893 me
226 1831 383 1908 postulone
404 1828 607 1903 consiliumet
620 1830 870 1903 consolationem,
892 1846 930 1891 ne
951 1847 1027 1894 oon·

109 1936 228 2014 fugiatis
247 1935 286 1997 ad
309 1934 404 2012 impia
426 1936 553 1996 consilia
565 1941 669 1996 vestra
681 1942 738 1997 etc.
760 1935 806 1996 Ad
828 1952 877 1997 me
895 1937 1025 1998 eonver-

59 2078 61 2109 ;
111 2042 199 2103 limini
221 2048 253 2103 et
271 2040 425 2104 consulite
441 2040 570 2103 verbum
592 2056 703 2113 meum,
725 2047 756 2102 et
777 2039 1025 2131 consolabimini,

113 2148 262 2221 axinus,
280 2164 344 2215 nou
365 2146 432 2211 lore
453 2155 630 2225 perpetuom
643 2146 724 2208 bauo
742 2148 948 2225 captivitatem
965 2156 1022 2210 ete
1052 2205 1057 2211 .

384 2333 464 2412 Ego
486 2324 564 2397 leci
586 2344 738 2405 terram.

182 2462 257 2525 llihi
286 2463 499 2526 commendate
526 2480 654 2526 oausam
677 2470 820 2528 vestram.
856 2464 921 2542 Ego
942 2467 1023 2528 euim

108 2587 231 2648 possum
253 2570 345 2631 vobis
366 2571 443 2631 lerre
459 2586 559 2647 opem,
580 2571 657 2634 estis
678 2587 759 2648 opus
781 2588 925 2636 manuum
938 2589 1021 2634 mea-

59 2726 62 2745 ,
104 2693 180 2749 mm,
201 2684 234 2737 et
253 2675 308 2736 filli
333 2677 412 2751 mei,·
434 2695 494 2755 ego
516 2694 586 2739 som
608 2685 728 2739 creator
748 2684 859 2750 vester,
883 2679 1017 2740 servabo

59 2764 62 2773 ¹
95 2783 190 2861 ,igitur
211 2798 289 2853 vos,
322 2789 438 2851 uatum
459 2800 500 2845 ne
519 2783 702 2860 desperetis.
749 2783 894 2845 Dicuntur
916 2783 1019 2845 omitia

103 2889 140 2949 ad
159 2886 371 2951 consolandos
391 2904 462 2961 eos,
484 2890 646 2969 quierant
667 2889 788 2951 sensuri
810 2889 1018 2965 captivitatem

102 2993 332 3073 Babylonicum.

223 3156 304 3236 Ego
326 3159 534 3223 suscitavi
555 3175 639 3221 eom
660 3156 893 3235 injustitia.

182 3287 283 3350 Deae
313 3289 414 3351 lutura
445 3297 590 3367 tauquam
619 3287 658 3348 (le
686 3287 840 3365 praesenti
874 3287 1017 3364 loquitur.

90 3394 240 3470 -lutelliglt
261 3400 363 3455 aulem
376 3390 545 3473 cyrum‘t
566 3410 637 3455 eom
658 3392 821 3456 suscitavit
838 3393 871 3455 iu
889 3391 1018 3470 Justitin,

150 3559 184 3626 ⁶)
203 3556 259 3610 cnr
276 3555 364 3626 curm
381 3556 487 3611 uiuus.
565 3638 571 3645 η

149 3652 184 3720 l)
202 3650 276 3707 nun
296 3652 366 3707 15³²
385 3652 427 3706 oie
443 3653 544 3723 pergit:
561 3668 616 3706 non
636 3650 860 3721 mloeqnenlae
878 3650 1017 3720 cogitatio

199 3762 254 3802 ιιι
272 3755 304 3801 et
318 3762 414 3803 m
428 3749 530 3821 nom,
546 3748 596 3804 sed
614 3747 727 3805 verbn-
745 3756 773 3802 et
788 3746 987 3817 pro-inim.
