2258 4170
356 221 359 229 -
390 180 462 258 Cep.
482 154 521 241 9ss
536 154 644 240 Eumae.
687 213 691 228 ι
772 270 780 294 ι
916 176 979 244 357
1017 129 1019 133 Α

83 375 104 422 a
125 362 234 450 neore
253 377 309 441 pro
325 359 449 422 trasone
471 360 574 421 vivere
596 366 626 421 a
641 316 860 438 tupranarnus
883 347 979 427 nuere

83 466 226 545 rduigere.
255 467 373 542 'absin
410 467 466 528 sed
489 465 591 527 ablata
619 465 744 537 est'iex
771 468 801 527 in
831 469 977 548 cordibus
1092 519 1093 522 ,

84 575 188 646 ostris4
209 591 248 637 ne
270 590 329 635 nos
349 579 488 647 accuset,
510 588 549 633 ne
571 572 765 649 ampliussit
784 572 880 636 virtus
902 593 977 653 pec·
1013 650 1016 654 4
1041 592 1045 598 ’
1081 621 1083 628 .

83 681 128 743 ati
157 678 233 759 Gnur
256 679 337 741 enirn
349 679 479 740 molesta
499 684 546 740 est
568 677 641 738 mihi
663 680 734 750 lex,
743 694 874 756 possum
896 692 977 744 nunc

83 784 172 858 ic'ede,
195 786 284 847 Vade
308 785 431 847 domina
451 785 502 845 lex
523 800 593 845 curn
607 785 728 846 stimulo
748 786 902 848 exactoris
925 788 976 875 tui,
1008 810 1011 823 ι
1040 812 1045 822 ’

83 909 111 956 ιι
137 898 204 954 orta
232 874 281 953 e‘st
302 907 422 989 magna
433 889 674 952 hibitantibus
665 891 872 965 1ntenebris‚·
894 864 977 967 item,

83 986 205 1062 arvuius
217 1002 307 1058 natus
321 1003 383 1058 est
386 1003 416 1056 et
427 995 508 1058 fitius
525 996 625 1059 datus
657 997 716 1075 Per
727 995 810 1059 huno
831 998 974 1078 adempta

83 1110 109 1168 st
127 1103 180 1164 tibi
203 1103 299 1164 virtus
320 1102 451 1180 peccati,
478 1109 513 1164 ut
518 1103 665 1180 amplius
693 1118 794 1163 meam
815 1106 976 1168 conscien·
1020 1174 1022 1178 ,

85 1226 132 1272 am
152 1208 334 1271 conturbare
357 1214 386 1268 et
408 1223 555 1270 accusare
576 1224 637 1269 non
659 1209 775 1286 possis.
886 1262 892 1279 ,

128 1294 174 1378 'DJ
196 1314 310 1376 Paulus
340 1311 498 1389 diiigenter
515 1304 590 1391 'legit
611 1320 642 1375 et
659 1314 749 1385 vaide
768 1314 872 1379 ditexit
892 1314 1001 1378 huuc·
1072 1395 1075 1407 γ
1122 1339 1125 1355 ¹

83 1420 248 1499 rophetam.
290 1419 368 1481 Nam
397 1425 539 1492 mortem,
569 1412 728 1497 pecoa'tnnr
750 1437 787 1482 ac
807 1420 908 1496 legem
930 1422 970 1484 ad

83 1529 185 1592 undem
205 1525 296 1589 nobis
317 1525 442 1588 modum
463 1523 615 1603 depingit,
638 1526 760 1603 illisque
780 1526 919 1600 insultat,
941 1535 973 1589 et

83 1653 96 1696 ι
114 1633 217 1712 spiritu
239 1632 367 1709 gaudet,
389 1622 559 1714 omnesque
580 1633 609 1693 in
623 1632 761 1706 Domino,
784 1631 892 1721 horum
913 1631 971 1694 ho-

83 1741 147 1802 tiuru
167 1739 299 1810 victore,
320 1752 378 1800 uos
401 1737 536 1813 gaudere
553 1736 661 1814 jubet.
679 1737 716 1800 Ει
737 1742 792 1800 cu'r
811 1754 873 1800 non
895 1755 972 1814 gau-

83 1851 167 1918 terent,
189 1861 314 1919 cernon
331 1841 530 1920 tripudiarent
542 1850 572 1905 et
572 1843 743 1924 gestirent
746 1844 799 1921 pii,
822 1860 890 1905 cum
906 1851 969 1906 tam
1001 1927 1004 1931 Ι

83 1951 158 2031 »pina
177 1951 278 2030 spolia
299 1947 455 2010 dividant?
477 1964 546 2011 cum
567 1945 718 2024 diabolus,
740 1957 829 2011 autor
849 1936 970 2027 p'eocati
1015 1942 1018 1951 '

83 2056 225 2130 atmortis,
246 2057 313 2129 lex,
336 2055 501 2133 sceptrum
513 2051 682 2130 exactoris,
702 2055 808 2117 Moses
830 2054 970 2117 minister

83 2160 170 2236 nonis,
192 2178 263 2224 cum
283 2161 316 2223 hi
338 2160 456 2240 tyranni
479 2161 540 2224 sint
556 2161 696 2238 superati
715 2162 758 2223 ab
779 2160 840 2223 hoc
860 2160 969 2246 puero.
995 2164 998 2172 ‘

83 2268 139 2345 >uae
156 2275 300 2346 rapuerat
321 2273 427 2340 satan,
458 2283 496 2328 ea
525 2283 602 2344 puer
623 2266 673 2329 hic
702 2268 969 2345 nobisneparavit
1020 2331 1024 2343 p
1082 2251 1087 2264 “
1116 2251 1123 2269 ’

83 2376 133 2438 icto
153 2383 270 2438 satana.
301 2374 381 2437 Puer
400 2373 451 2435 hic
473 2379 522 2435 est
534 2373 639 2435 fortior
656 2373 888 2461 superveniens,
911 2375 964 2452 qui

83 2479 125 2543 isit
142 2481 224 2543 iilum
245 2482 368 2552 fortem,
399 2486 429 2541 et
457 2480 602 2541 universa
624 2495 709 2541 arma
729 2479 823 2557 ejus,¹
840 2476 874 2540 in'
890 2481 966 2557 'qui-

83 2602 111 2650 us
131 2570 320 2665 confidebat,
343 2583 473 2663 ejusque
494 2585 595 2662 spotia
616 2585 751 2650 abstulit.
866 2584 867 2589 ’

132 2694 239 2756 Aufert
260 2699 362 2754 autem
389 2698 419 2753 et
445 2690 526 2768 rapit
545 2689 598 2751 hic
628 2694 705 2769 puer
733 2706 788 2768 per.
810 2690 967 2752 ministros

83 2814 126 2862 ros
148 2815 166 2860 e
187 2798 330 2860 manibus
363 2804 394 2858 et
424 2803 578 2875 potestate
598 2795 712 2858 diaboli
740 2796 792 2858 hie
818 2774 966 2857 in'terris
1078 2841 1081 2847 .

83 2922 118 2978 ιε,
142 2905 195 2982 qui
217 2904 402 2978 submonte,
424 2910 553 2981 peccato
575 2911 605 2964 et
624 2903 693 2979 iege
711 2907 875 2965 accusante
893 2917 966 2979 cap·
997 2947 999 2958 ,

83 3012 278 3072 nvexantur.
320 3009 447 3073 Ministri
469 3009 521 3072 nbi
542 3007 660 3083 dicunt,
691 3008 819 3086 Baptizo
841 3013 901 3079 te,
917 3008 966 3068 vei
1087 3074 1090 3079 ,

83 3118 180 3179 solvo
200 3115 256 3177 te
247 3132 277 3177 ιιι
291 3116 412 3177 nomine
419 3115 527 3193 patris
550 3122 581 3176 et
599 3113 650 3176 tilii
675 3121 705 3176 et
726 3113 851 3193 spiritus
868 3112 966 3174 sancti
1021 3178 1024 3201 Ι
1073 3128 1078 3138 ·

83 3222 253 3297 &reddunt
265 3220 438 3299 impavidos
453 3229 483 3282 et
493 3228 576 3283 tutos
587 3219 737 3294 homines,
746 3235 784 3281 ne
795 3219 964 3297 quidquam
1085 3254 1089 3271 ι

83 3328 107 3393 »i
129 3333 308 3389 metuente
329 3333 436 3399 morte,
458 3334 585 3403 peccato
607 3333 638 3388 et
657 3326 739 3402 legis
758 3323 963 3395 accusatione,
1063 3351 1067 3367 ι

85 3432 221 3494 -animos
244 3440 456 3494 consternatos
479 3432 595 3508 erigunt
617 3438 647 3492 et
669 3430 861 3501 confirmant,
894 3445 963 3491 curn

83 3536 231 3601 nunciant
263 3536 343 3599 hano
360 3538 539 3600 tibertatem
569 3544 600 3600 et
636 3534 875 3615 redemptionem
909 3549 965 3616 per

83 3642 356 3734 nc1parvn1umet
375 3642 468 3706 tilium
485 3644 579 3706 nobis
600 3650 704 3705 natum
726 3659 763 3705 ac
784 3640 897 3704 datum.
953 3676 964 3693 .

94 3771 97 3775 ·
126 3749 275 3813 Haecest
288 3748 423 3824 notoria,
444 3728 500 3829 per
512 3766 606 3832 qnam
620 3764 684 3829 pax
704 3755 752 3813 est
763 3755 967 3827 partaquam

89 3951 165 4015 *ssi
201 4011 203 4015 ,
