<?xml version="1.0" encoding="UTF-8"?>
<!DOCTYPE html PUBLIC "-//W3C//DTD XHTML 1.0 Transitional//EN"
    "http://www.w3.org/TR/xhtml1/DTD/xhtml1-transitional.dtd">
<html xmlns="http://www.w3.org/1999/xhtml" xml:lang="en" lang="en">
 <head>
  <title>
</title>
<meta http-equiv="Content-Type" content="text/html;charset=utf-8" />
  <meta name='ocr-system' content='tesseract 3.04.00' />
  <meta name='ocr-capabilities' content='ocr_page ocr_carea ocr_par ocr_line ocrx_word'/>
</head>
<body>
  <div class='ocr_page' id='page_1' title='image "./exegeticaoperal01luthgoog_0424.png"; bbox 0 0 2258 4170; ppageno 0'>
   <div class='ocr_carea' id='block_1_1' title="bbox 458 144 1041 271">
    <p class='ocr_par' dir='ltr' id='par_1_1' title="bbox 458 144 1041 271">
     <span class='ocr_line' id='line_1_1' title="bbox 458 144 1041 271; baseline -0.003 -37"><span class='ocrx_word' id='word_1_1' title='bbox 458 171 526 271; x_wconf 79' lang='lat' dir='ltr'>Gap.</span> <span class='ocrx_word' id='word_1_2' title='bbox 547 169 584 240; x_wconf 82' lang='grc'>9.,</span> <span class='ocrx_word' id='word_1_3' title='bbox 598 144 713 248; x_wconf 66' lang='lat' dir='ltr'>Esaiae.x</span> <span class='ocrx_word' id='word_1_4' title='bbox 978 166 1041 233; x_wconf 79' lang='lat'>413</span> 
     </span>
    </p>
   </div>
   <div class='ocr_carea' id='block_1_2' title="bbox 69 331 1127 3831">
    <p class='ocr_par' dir='ltr' id='par_1_2' title="bbox 69 331 1127 3831">
     <span class='ocr_line' id='line_1_2' title="bbox 123 331 1078 432; baseline -0.002 -19"><span class='ocrx_word' id='word_1_5' title='bbox 123 351 241 428; x_wconf 87' lang='lat' dir='ltr'>majora</span> <span class='ocrx_word' id='word_1_6' title='bbox 262 331 420 415; x_wconf 84' lang='lat' dir='ltr'>mirabilia.</span> <span class='ocrx_word' id='word_1_7' title='bbox 462 352 568 432; x_wconf 86' lang='lat' dir='ltr'>anue</span> <span class='ocrx_word' id='word_1_8' title='bbox 589 348 752 417; x_wconf 74' lang='lat' dir='ltr'>etiamnum</span> <span class='ocrx_word' id='word_1_9' title='bbox 767 338 928 429; x_wconf 81' lang='lat' dir='ltr'>epuratur,</span> <span class='ocrx_word' id='word_1_10' title='bbox 950 349 1040 412; x_wconf 90' lang='lat' dir='ltr'>dura·</span> <span class='ocrx_word' id='word_1_11' title='bbox 1075 418 1078 425; x_wconf 54' lang='grc'><em>,</em></span> 
     </span>
     <span class='ocr_line' id='line_1_3' title="bbox 92 446 1040 537; baseline 0 -19"><span class='ocrx_word' id='word_1_12' title='bbox 92 446 95 451; x_wconf 67' lang='grc'><strong>’</strong></span> <span class='ocrx_word' id='word_1_13' title='bbox 123 459 276 536; x_wconf 86' lang='lat' dir='ltr'>buntque‚</span> <span class='ocrx_word' id='word_1_14' title='bbox 311 460 409 521; x_wconf 90' lang='lat' dir='ltr'>donec</span> <span class='ocrx_word' id='word_1_15' title='bbox 437 476 513 537; x_wconf 86' lang='lat' dir='ltr'>puer</span> <span class='ocrx_word' id='word_1_16' title='bbox 539 467 568 521; x_wconf 85' lang='lat' dir='ltr'>et</span> <span class='ocrx_word' id='word_1_17' title='bbox 596 458 746 523; x_wconf 87' lang='lat' dir='ltr'>filiusille</span> <span class='ocrx_word' id='word_1_18' title='bbox 777 456 944 536; x_wconf 73' lang='lat' dir='ltr'><strong>duraverit,</strong></span> <span class='ocrx_word' id='word_1_19' title='bbox 982 471 1040 518; x_wconf 83' lang='lat' dir='ltr'>nec</span> 
     </span>
     <span class='ocr_line' id='line_1_4' title="bbox 124 554 1040 650; baseline -0.004 -24"><span class='ocrx_word' id='word_1_20' title='bbox 124 582 260 642; x_wconf 85' lang='lat' dir='ltr'>unquam</span> <span class='ocrx_word' id='word_1_21' title='bbox 293 554 470 627; x_wconf 76' lang='lat' dir='ltr'>cessabunt.</span> <span class='ocrx_word' id='word_1_22' title='bbox 505 562 543 625; x_wconf 90' lang='lat' dir='ltr'>‘ln</span> <span class='ocrx_word' id='word_1_23' title='bbox 580 572 736 626; x_wconf 86' lang='lat' dir='ltr'>aeternum</span> <span class='ocrx_word' id='word_1_24' title='bbox 765 564 953 636; x_wconf 21' lang='lat' dir='ltr'>iuturusxcst</span> <span class='ocrx_word' id='word_1_25' title='bbox 986 560 1040 650; x_wconf 60' lang='grc' dir='ltr'>3ἀῇ</span> 
     </span>
     <span class='ocr_line' id='line_1_5' title="bbox 104 667 1070 754; baseline -0.002 -24"><span class='ocrx_word' id='word_1_26' title='bbox 104 670 287 746; x_wconf 21' lang='lat' dir='ltr'>*mirabilis</span> <span class='ocrx_word' id='word_1_27' title='bbox 303 687 459 748; x_wconf 88' lang='lat' dir='ltr'>nunquam</span> <span class='ocrx_word' id='word_1_28' title='bbox 482 671 618 732; x_wconf 74' lang='lat' dir='ltr'>cessabit</span> <span class='ocrx_word' id='word_1_29' title='bbox 635 668 755 747; x_wconf 88' lang='lat' dir='ltr'>operari</span> <span class='ocrx_word' id='word_1_30' title='bbox 774 667 929 740; x_wconf 82' lang='lat' dir='ltr'>mirabilia,</span> <span class='ocrx_word' id='word_1_31' title='bbox 951 667 1041 743; x_wconf 81' lang='lat' dir='ltr'>longe</span> <span class='ocrx_word' id='word_1_32' title='bbox 1066 748 1070 754; x_wconf 87' lang='lat'><em>.</em></span> 
     </span>
     <span class='ocr_line' id='line_1_6' title="bbox 123 761 1040 852; baseline -0.002 -16"><span class='ocrx_word' id='word_1_33' title='bbox 123 764 325 848; x_wconf 79' lang='lat' dir='ltr'>mirabilibra,</span> <span class='ocrx_word' id='word_1_34' title='bbox 358 770 452 851; x_wconf 84' lang='lat' dir='ltr'>quam</span> <span class='ocrx_word' id='word_1_35' title='bbox 475 791 555 852; x_wconf 89' lang='lat' dir='ltr'>quae</span> <span class='ocrx_word' id='word_1_36' title='bbox 576 776 694 838; x_wconf 87' lang='lat' dir='ltr'>luerunt</span> <span class='ocrx_word' id='word_1_37' title='bbox 715 761 860 835; x_wconf 74' lang='lat' dir='ltr'>miracula</span> <span class='ocrx_word' id='word_1_38' title='bbox 883 772 948 844; x_wconf 90' lang='lat' dir='ltr'>illa,</span> <span class='ocrx_word' id='word_1_39' title='bbox 971 789 1040 834; x_wconf 84' lang='lat' dir='ltr'>curn</span> 
     </span>
     <span class='ocr_line' id='line_1_7' title="bbox 122 874 1038 964; baseline -0.001 -23"><span class='ocrx_word' id='word_1_40' title='bbox 122 883 225 964; x_wconf 75' lang='lat' dir='ltr'>caecis</span> <span class='ocrx_word' id='word_1_41' title='bbox 239 882 335 943; x_wconf 89' lang='lat' dir='ltr'>visum</span> <span class='ocrx_word' id='word_1_42' title='bbox 350 881 529 956; x_wconf 79' lang='lat' dir='ltr'>restitueret,</span> <span class='ocrx_word' id='word_1_43' title='bbox 552 874 695 958; x_wconf 73' lang='lat' dir='ltr'>aegrotos</span> <span class='ocrx_word' id='word_1_44' title='bbox 716 888 846 950; x_wconf 82' lang='lat' dir='ltr'>sanaret</span> <span class='ocrx_word' id='word_1_45' title='bbox 869 896 906 939; x_wconf 88' lang='lat' dir='ltr'>ac</span> <span class='ocrx_word' id='word_1_46' title='bbox 920 878 1038 941; x_wconf 81' lang='lat' dir='ltr'><strong>similia.</strong></span> 
     </span>
     <span class='ocr_line' id='line_1_8' title="bbox 123 986 1074 1064; baseline 0.003 -18"><span class='ocrx_word' id='word_1_47' title='bbox 123 986 201 1048; x_wconf 89' lang='lat' dir='ltr'>Sunt</span> <span class='ocrx_word' id='word_1_48' title='bbox 223 987 303 1047; x_wconf 85' lang='lat' dir='ltr'>enirn</span> <span class='ocrx_word' id='word_1_49' title='bbox 325 987 570 1062; x_wconf 82' lang='lat' dir='ltr'>lungemaxlnna</span> <span class='ocrx_word' id='word_1_50' title='bbox 593 987 746 1059; x_wconf 83' lang='lat' dir='ltr'>miracula,</span> <span class='ocrx_word' id='word_1_51' title='bbox 768 986 851 1064; x_wconf 90' lang='lat' dir='ltr'>qued</span> <span class='ocrx_word' id='word_1_52' title='bbox 865 986 960 1046; x_wconf 86' lang='lat' dir='ltr'>verbu</span> <span class='ocrx_word' id='word_1_53' title='bbox 982 1001 1040 1047; x_wconf 84' lang='lat' dir='ltr'>sun</span> <span class='ocrx_word' id='word_1_54' title='bbox 1071 1042 1074 1049; x_wconf 85' lang='lat'><em>.</em></span> 
     </span>
     <span class='ocr_line' id='line_1_9' title="bbox 122 1091 1040 1176; baseline 0 -25"><span class='ocrx_word' id='word_1_55' title='bbox 122 1091 258 1153; x_wconf 88' lang='lat' dir='ltr'>vivillcat</span> <span class='ocrx_word' id='word_1_56' title='bbox 280 1091 412 1164; x_wconf 87' lang='lat' dir='ltr'>animas,</span> <span class='ocrx_word' id='word_1_57' title='bbox 442 1092 587 1170; x_wconf 88' lang='lat' dir='ltr'>quodque</span> <span class='ocrx_word' id='word_1_58' title='bbox 611 1091 819 1176; x_wconf 79' lang='lat' dir='ltr'>vicificaturus</span> <span class='ocrx_word' id='word_1_59' title='bbox 841 1098 890 1152; x_wconf 88' lang='lat' dir='ltr'>est</span> <span class='ocrx_word' id='word_1_60' title='bbox 911 1105 1040 1166; x_wconf 85' lang='lat' dir='ltr'>corpora</span> 
     </span>
     <span class='ocr_line' id='line_1_10' title="bbox 122 1196 1039 1288; baseline 0 -30"><span class='ocrx_word' id='word_1_61' title='bbox 122 1198 151 1258; x_wconf 89' lang='lat' dir='ltr'>in</span> <span class='ocrx_word' id='word_1_62' title='bbox 176 1205 313 1281; x_wconf 82' lang='lat' dir='ltr'>extreme</span> <span class='ocrx_word' id='word_1_63' title='bbox 335 1198 392 1269; x_wconf 89' lang='lat' dir='ltr'>die,</span> <span class='ocrx_word' id='word_1_64' title='bbox 415 1197 498 1274; x_wconf 90' lang='lat' dir='ltr'>qued</span> <span class='ocrx_word' id='word_1_65' title='bbox 511 1196 647 1274; x_wconf 86' lang='lat' dir='ltr'>baptisat</span> <span class='ocrx_word' id='word_1_66' title='bbox 669 1214 726 1259; x_wconf 90' lang='lat' dir='ltr'>nos</span> <span class='ocrx_word' id='word_1_67' title='bbox 747 1196 950 1288; x_wconf 61' lang='lat' dir='ltr'>insanguine</span> <span class='ocrx_word' id='word_1_68' title='bbox 971 1213 1039 1270; x_wconf 88' lang='lat' dir='ltr'>suu,</span> 
     </span>
     <span class='ocr_line' id='line_1_11' title="bbox 123 1302 1091 1391; baseline -0.003 -26"><span class='ocrx_word' id='word_1_69' title='bbox 123 1321 225 1382; x_wconf 88' lang='lat' dir='ltr'>eoque</span> <span class='ocrx_word' id='word_1_70' title='bbox 247 1309 375 1381; x_wconf 90' lang='lat' dir='ltr'>peccata</span> <span class='ocrx_word' id='word_1_71' title='bbox 398 1303 509 1381; x_wconf 82' lang='lat' dir='ltr'>abluit,</span> <span class='ocrx_word' id='word_1_72' title='bbox 526 1303 625 1382; x_wconf 67' lang='lat' dir='ltr'>,quod</span> <span class='ocrx_word' id='word_1_73' title='bbox 653 1302 970 1391; x_wconf 29' lang='lat' dir='ltr'>quotidienexspoliat</span> <span class='ocrx_word' id='word_1_74' title='bbox 996 1304 1040 1363; x_wconf 90' lang='lat' dir='ltr'>in·</span> <span class='ocrx_word' id='word_1_75' title='bbox 1088 1315 1091 1321; x_wconf 83' lang='lat'><em>·</em></span> 
     </span>
     <span class='ocr_line' id='line_1_12' title="bbox 115 1392 1066 1490; baseline -0.001 -20"><span class='ocrx_word' id='word_1_76' title='bbox 115 1412 252 1490; x_wconf 77' lang='lat' dir='ltr'>ternum,</span> <span class='ocrx_word' id='word_1_77' title='bbox 274 1417 411 1480; x_wconf 88' lang='lat' dir='ltr'>mortem,</span> <span class='ocrx_word' id='word_1_78' title='bbox 432 1415 603 1486; x_wconf 85' lang='lat' dir='ltr'>peccatum,</span> <span class='ocrx_word' id='word_1_79' title='bbox 624 1410 731 1485; x_wconf 77' lang='lat' dir='ltr'>legem,</span> <span class='ocrx_word' id='word_1_80' title='bbox 754 1392 836 1486; x_wconf 79' lang='lat' dir='ltr'>quae</span> <span class='ocrx_word' id='word_1_81' title='bbox 857 1409 1040 1486; x_wconf 84' lang='lat' dir='ltr'>exspoliatio</span> <span class='ocrx_word' id='word_1_82' title='bbox 1058 1426 1066 1479; x_wconf 68' lang='grc' dir='ltr'><em>χ</em></span> 
     </span>
     <span class='ocr_line' id='line_1_13' title="bbox 122 1513 1047 1592; baseline -0.003 -15"><span class='ocrx_word' id='word_1_83' title='bbox 122 1531 184 1577; x_wconf 89' lang='lat' dir='ltr'>nen</span> <span class='ocrx_word' id='word_1_84' title='bbox 207 1522 319 1577; x_wconf 86' lang='lat' dir='ltr'>cessat.</span> <span class='ocrx_word' id='word_1_85' title='bbox 361 1514 456 1592; x_wconf 90' lang='lat' dir='ltr'>quue</span> <span class='ocrx_word' id='word_1_86' title='bbox 477 1515 549 1576; x_wconf 88' lang='lat' dir='ltr'>lacit</span> <span class='ocrx_word' id='word_1_87' title='bbox 569 1514 698 1577; x_wconf 85' lang='lat' dir='ltr'>mirabili</span> <span class='ocrx_word' id='word_1_88' title='bbox 720 1515 879 1588; x_wconf 71' lang='lat' dir='ltr'>facilitate,</span> <span class='ocrx_word' id='word_1_89' title='bbox 913 1521 944 1575; x_wconf 88' lang='lat' dir='ltr'>et</span> <span class='ocrx_word' id='word_1_90' title='bbox 974 1513 1047 1575; x_wconf 31' lang='lat' dir='ltr'>sine*</span> 
     </span>
     <span class='ocr_line' id='line_1_14' title="bbox 121 1620 1077 1710; baseline -0.003 -26"><span class='ocrx_word' id='word_1_91' title='bbox 121 1623 184 1684; x_wconf 88' lang='lat' dir='ltr'>ulla</span> <span class='ocrx_word' id='word_1_92' title='bbox 205 1621 345 1684; x_wconf 89' lang='lat' dir='ltr'>molestia</span> <span class='ocrx_word' id='word_1_93' title='bbox 362 1637 418 1698; x_wconf 87' lang='lat' dir='ltr'>per</span> <span class='ocrx_word' id='word_1_94' title='bbox 439 1637 475 1682; x_wconf 87' lang='lat' dir='ltr'>os</span> <span class='ocrx_word' id='word_1_95' title='bbox 490 1620 578 1710; x_wconf 85' lang='lat' dir='ltr'>Petri,</span> <span class='ocrx_word' id='word_1_96' title='bbox 600 1620 685 1682; x_wconf 88' lang='lat' dir='ltr'>Pauli</span> <span class='ocrx_word' id='word_1_97' title='bbox 708 1620 947 1698; x_wconf 87' lang='lat' dir='ltr'>atquealiorum</span> <span class='ocrx_word' id='word_1_98' title='bbox 964 1635 1047 1697; x_wconf 12' lang='lat' dir='ltr'>apa-y</span> <span class='ocrx_word' id='word_1_99' title='bbox 1074 1701 1077 1706; x_wconf 20' lang='grc' dir='ltr'>Ι</span> 
     </span>
     <span class='ocr_line' id='line_1_15' title="bbox 120 1725 1040 1804; baseline -0.002 -16"><span class='ocrx_word' id='word_1_100' title='bbox 120 1729 286 1799; x_wconf 85' lang='lat' dir='ltr'>stolorum,</span> <span class='ocrx_word' id='word_1_101' title='bbox 318 1734 348 1795; x_wconf 81' lang='lat' dir='ltr'>et</span> <span class='ocrx_word' id='word_1_102' title='bbox 369 1741 458 1787; x_wconf 88' lang='lat' dir='ltr'>nunc</span> <span class='ocrx_word' id='word_1_103' title='bbox 485 1742 540 1802; x_wconf 85' lang='lat' dir='ltr'>per</span> <span class='ocrx_word' id='word_1_104' title='bbox 568 1743 604 1787; x_wconf 88' lang='lat' dir='ltr'>us</span> <span class='ocrx_word' id='word_1_105' title='bbox 626 1733 779 1797; x_wconf 45' lang='lat' dir='ltr'>nostrum}</span> <span class='ocrx_word' id='word_1_106' title='bbox 812 1727 915 1804; x_wconf 89' lang='lat' dir='ltr'>quiin</span> <span class='ocrx_word' id='word_1_107' title='bbox 939 1725 1040 1787; x_wconf 82' lang='lat' dir='ltr'>officio</span> 
     </span>
     <span class='ocr_line' id='line_1_16' title="bbox 69 1812 1040 1924; baseline -0.001 -31"><span class='ocrx_word' id='word_1_108' title='bbox 69 1815 71 1820; x_wconf 56' lang='grc'><strong>’</strong></span> <span class='ocrx_word' id='word_1_109' title='bbox 118 1825 243 1906; x_wconf 79' lang='lat' dir='ltr'>sumus‚‘</span> <span class='ocrx_word' id='word_1_110' title='bbox 279 1841 309 1894; x_wconf 86' lang='lat' dir='ltr'>et</span> <span class='ocrx_word' id='word_1_111' title='bbox 339 1832 367 1893; x_wconf 91' lang='lat' dir='ltr'>in</span> <span class='ocrx_word' id='word_1_112' title='bbox 390 1833 575 1893; x_wconf 76' lang='lat' dir='ltr'>necessitate</span> <span class='ocrx_word' id='word_1_113' title='bbox 596 1849 651 1909; x_wconf 86' lang='lat' dir='ltr'>per</span> <span class='ocrx_word' id='word_1_114' title='bbox 680 1833 871 1924; x_wconf 79' lang='lat' dir='ltr'>usunnnium</span> <span class='ocrx_word' id='word_1_115' title='bbox 894 1812 1040 1916; x_wconf 75' lang='lat' dir='ltr'>Gl&#39;trlstia-</span> 
     </span>
     <span class='ocr_line' id='line_1_17' title="bbox 118 1937 1040 2033; baseline 0 -35"><span class='ocrx_word' id='word_1_116' title='bbox 118 1955 247 2012; x_wconf 88' lang='lat' dir='ltr'>norum,</span> <span class='ocrx_word' id='word_1_117' title='bbox 270 1939 315 2000; x_wconf 88' lang='lat' dir='ltr'>sic</span> <span class='ocrx_word' id='word_1_118' title='bbox 337 1938 466 2033; x_wconf 69' lang='lat' dir='ltr'>dicendo</span> <span class='ocrx_word' id='word_1_119' title='bbox 490 1938 833 2010; x_wconf 39' lang='lat' dir='ltr'>tantumffabsolvutc</span> <span class='ocrx_word' id='word_1_120' title='bbox 855 1955 872 1998; x_wconf 90' lang='lat' dir='ltr'>a</span> <span class='ocrx_word' id='word_1_121' title='bbox 895 1937 1040 2015; x_wconf 86' lang='lat' dir='ltr'>peccatis,</span> 
     </span>
     <span class='ocr_line' id='line_1_18' title="bbox 122 2044 1042 2126; baseline 0 -21"><span class='ocrx_word' id='word_1_122' title='bbox 122 2045 231 2121; x_wconf 85' lang='lat' dir='ltr'>aperio</span> <span class='ocrx_word' id='word_1_123' title='bbox 253 2044 307 2104; x_wconf 91' lang='lat' dir='ltr'>tibi</span> <span class='ocrx_word' id='word_1_124' title='bbox 330 2046 477 2126; x_wconf 82' lang='lat' dir='ltr'>anetum„</span> <span class='ocrx_word' id='word_1_125' title='bbox 497 2044 605 2107; x_wconf 87' lang='lat' dir='ltr'>occido</span> <span class='ocrx_word' id='word_1_126' title='bbox 634 2045 797 2108; x_wconf 85' lang='lat' dir='ltr'>diabolum.</span> <span class='ocrx_word' id='word_1_127' title='bbox 837 2047 953 2105; x_wconf 76' lang='lat' dir='ltr'>Annon</span> <span class='ocrx_word' id='word_1_128' title='bbox 976 2044 1042 2105; x_wconf 82' lang='lat' dir='ltr'>hoc&#39;</span> 
     </span>
     <span class='ocr_line' id='line_1_19' title="bbox 118 2143 1127 2237; baseline 0.002 -27"><span class='ocrx_word' id='word_1_129' title='bbox 118 2143 283 2211; x_wconf 69' lang='lat' dir='ltr'>mirabile?</span> <span class='ocrx_word' id='word_1_130' title='bbox 319 2149 370 2211; x_wconf 87' lang='lat' dir='ltr'>Sic</span> <span class='ocrx_word' id='word_1_131' title='bbox 397 2166 457 2210; x_wconf 90' lang='lat' dir='ltr'>non</span> <span class='ocrx_word' id='word_1_132' title='bbox 480 2157 594 2211; x_wconf 73' lang='lat' dir='ltr'>tantun]</span> <span class='ocrx_word' id='word_1_133' title='bbox 617 2166 751 2228; x_wconf 88' lang='lat' dir='ltr'>persona</span> <span class='ocrx_word' id='word_1_134' title='bbox 773 2148 884 2212; x_wconf 82' lang='lat' dir='ltr'>Christi</span> <span class='ocrx_word' id='word_1_135' title='bbox 907 2151 1037 2212; x_wconf 86' lang='lat' dir='ltr'>admira·</span> <span class='ocrx_word' id='word_1_136' title='bbox 1122 2227 1127 2237; x_wconf 26' lang='lat' dir='ltr'><em>s</em></span> 
     </span>
     <span class='ocr_line' id='line_1_20' title="bbox 101 2248 1119 2338; baseline 0.003 -23"><span class='ocrx_word' id='word_1_137' title='bbox 101 2254 208 2329; x_wconf 81' lang='lat' dir='ltr'>.bllis,</span> <span class='ocrx_word' id='word_1_138' title='bbox 238 2257 297 2318; x_wconf 89' lang='lat' dir='ltr'>sed</span> <span class='ocrx_word' id='word_1_139' title='bbox 319 2265 349 2319; x_wconf 87' lang='lat' dir='ltr'>ct</span> <span class='ocrx_word' id='word_1_140' title='bbox 372 2253 553 2335; x_wconf 78' lang='lat' dir='ltr'>operaejus</span> <span class='ocrx_word' id='word_1_141' title='bbox 577 2256 719 2319; x_wconf 87' lang='lat' dir='ltr'>continua</span> <span class='ocrx_word' id='word_1_142' title='bbox 735 2273 802 2319; x_wconf 87' lang='lat' dir='ltr'>nen</span> <span class='ocrx_word' id='word_1_143' title='bbox 819 2251 924 2320; x_wconf 78' lang='lat' dir='ltr'>miuus</span> <span class='ocrx_word' id='word_1_144' title='bbox 945 2257 1036 2338; x_wconf 50' lang='lat' dir='ltr'>mira*</span> <span class='ocrx_word' id='word_1_145' title='bbox 1100 2248 1119 2323; x_wconf 63' lang='lat'>,¹</span> 
     </span>
     <span class='ocr_line' id='line_1_21' title="bbox 116 2361 706 2424; baseline 0.003 -2"><span class='ocrx_word' id='word_1_146' title='bbox 116 2361 192 2423; x_wconf 89' lang='lat' dir='ltr'>bilia</span> <span class='ocrx_word' id='word_1_147' title='bbox 214 2369 272 2424; x_wconf 87' lang='lat' dir='ltr'>etc.</span> <span class='ocrx_word' id='word_1_148' title='bbox 342 2402 344 2406; x_wconf 91' lang='lat'><em>-</em></span> <span class='ocrx_word' id='word_1_149' title='bbox 704 2363 706 2367; x_wconf 70' lang='lat'>‘</span> 
     </span>
     <span class='ocr_line' id='line_1_22' title="bbox 205 2467 1061 2561; baseline 0.001 -32"><span class='ocrx_word' id='word_1_150' title='bbox 205 2467 268 2529; x_wconf 84' lang='lat' dir='ltr'>Nec</span> <span class='ocrx_word' id='word_1_151' title='bbox 290 2468 338 2555; x_wconf 87' lang='lat' dir='ltr'>illa</span> <span class='ocrx_word' id='word_1_152' title='bbox 361 2474 476 2529; x_wconf 87' lang='lat' dir='ltr'>tanturn</span> <span class='ocrx_word' id='word_1_153' title='bbox 500 2485 602 2546; x_wconf 86' lang='lat' dir='ltr'>opera,</span> <span class='ocrx_word' id='word_1_154' title='bbox 624 2485 704 2547; x_wconf 89' lang='lat' dir='ltr'>quae</span> <span class='ocrx_word' id='word_1_155' title='bbox 726 2468 795 2531; x_wconf 89' lang='lat' dir='ltr'>lecit</span> <span class='ocrx_word' id='word_1_156' title='bbox 811 2471 887 2561; x_wconf 73' lang='lat' dir='ltr'>ipse,</span> <span class='ocrx_word' id='word_1_157' title='bbox 909 2469 964 2532; x_wconf 89' lang='lat' dir='ltr'>sed</span> <span class='ocrx_word' id='word_1_158' title='bbox 987 2469 1061 2530; x_wconf 57' lang='lat' dir='ltr'>illa*</span> 
     </span>
     <span class='ocr_line' id='line_1_23' title="bbox 118 2572 1117 2663; baseline 0.002 -28"><span class='ocrx_word' id='word_1_159' title='bbox 118 2573 225 2646; x_wconf 87' lang='lat' dir='ltr'>etium,</span> <span class='ocrx_word' id='word_1_160' title='bbox 246 2590 327 2653; x_wconf 89' lang='lat' dir='ltr'>quae</span> <span class='ocrx_word' id='word_1_161' title='bbox 348 2589 403 2651; x_wconf 88' lang='lat' dir='ltr'>per</span> <span class='ocrx_word' id='word_1_162' title='bbox 424 2574 578 2637; x_wconf 87' lang='lat' dir='ltr'>ministros</span> <span class='ocrx_word' id='word_1_163' title='bbox 601 2572 677 2636; x_wconf 85' lang='lat' dir='ltr'>suo&#39;s</span> <span class='ocrx_word' id='word_1_164' title='bbox 692 2574 899 2639; x_wconf 57' lang='lat' dir='ltr'>edidit‘rnulto</span> <span class='ocrx_word' id='word_1_165' title='bbox 921 2575 1038 2653; x_wconf 75' lang='lat' dir='ltr'>majora</span> <span class='ocrx_word' id='word_1_166' title='bbox 1082 2656 1085 2663; x_wconf 30' lang='grc'><strong>,</strong></span> <span class='ocrx_word' id='word_1_167' title='bbox 1114 2618 1117 2627; x_wconf 77' lang='lat'><strong>·</strong></span> 
     </span>
     <span class='ocr_line' id='line_1_24' title="bbox 109 2681 1092 2759; baseline 0.004 -21"><span class='ocrx_word' id='word_1_168' title='bbox 109 2681 256 2752; x_wconf 74' lang='lat' dir='ltr'>luerunt,</span> <span class='ocrx_word' id='word_1_169' title='bbox 291 2697 383 2757; x_wconf 87' lang='lat' dir='ltr'>quarn</span> <span class='ocrx_word' id='word_1_170' title='bbox 417 2697 497 2759; x_wconf 91' lang='lat' dir='ltr'>quae</span> <span class='ocrx_word' id='word_1_171' title='bbox 532 2681 601 2758; x_wconf 91' lang='lat' dir='ltr'>ipse</span> <span class='ocrx_word' id='word_1_172' title='bbox 637 2682 666 2741; x_wconf 95' lang='lat' dir='ltr'>in</span> <span class='ocrx_word' id='word_1_173' title='bbox 700 2698 756 2745; x_wconf 85' lang='lat' dir='ltr'>sua</span> <span class='ocrx_word' id='word_1_174' title='bbox 790 2698 922 2759; x_wconf 83' lang='lat' dir='ltr'>persona</span> <span class='ocrx_word' id='word_1_175' title='bbox 957 2682 1036 2745; x_wconf 86' lang='lat' dir='ltr'>lecit.</span> <span class='ocrx_word' id='word_1_176' title='bbox 1082 2725 1092 2756; x_wconf 74' lang='lat'>·,</span> 
     </span>
     <span class='ocr_line' id='line_1_25' title="bbox 117 2784 1037 2862; baseline 0.002 -17"><span class='ocrx_word' id='word_1_177' title='bbox 117 2784 271 2849; x_wconf 84' lang='lat' dir='ltr'>Excitavit</span> <span class='ocrx_word' id='word_1_178' title='bbox 295 2790 446 2859; x_wconf 81' lang='lat' dir='ltr'>mortuns,</span> <span class='ocrx_word' id='word_1_179' title='bbox 468 2788 590 2849; x_wconf 87' lang='lat' dir='ltr'>sanavit</span> <span class='ocrx_word' id='word_1_180' title='bbox 610 2786 746 2849; x_wconf 87' lang='lat' dir='ltr'>infirmos</span> <span class='ocrx_word' id='word_1_181' title='bbox 769 2794 826 2848; x_wconf 89' lang='lat' dir='ltr'>ete.</span> <span class='ocrx_word' id='word_1_182' title='bbox 854 2787 938 2848; x_wconf 87' lang='lat' dir='ltr'>Hace</span> <span class='ocrx_word' id='word_1_183' title='bbox 959 2789 1037 2862; x_wconf 89' lang='lat' dir='ltr'>lecit,</span> 
     </span>
     <span class='ocr_line' id='line_1_26' title="bbox 118 2891 1036 2969; baseline 0.001 -17"><span class='ocrx_word' id='word_1_184' title='bbox 118 2908 190 2952; x_wconf 87' lang='lat' dir='ltr'>eum</span> <span class='ocrx_word' id='word_1_185' title='bbox 214 2891 315 2953; x_wconf 90' lang='lat' dir='ltr'>adhuc</span> <span class='ocrx_word' id='word_1_186' title='bbox 336 2898 420 2953; x_wconf 86' lang='lat' dir='ltr'>esset</span> <span class='ocrx_word' id='word_1_187' title='bbox 441 2907 567 2965; x_wconf 88' lang='lat' dir='ltr'>servus,</span> <span class='ocrx_word' id='word_1_188' title='bbox 594 2909 663 2954; x_wconf 88' lang='lat' dir='ltr'>cum</span> <span class='ocrx_word' id='word_1_189' title='bbox 685 2893 819 2954; x_wconf 82' lang='lat' dir='ltr'>nonduin</span> <span class='ocrx_word' id='word_1_190' title='bbox 840 2900 925 2957; x_wconf 85' lang='lat' dir='ltr'>essct</span> <span class='ocrx_word' id='word_1_191' title='bbox 946 2894 1036 2969; x_wconf 83' lang='lat' dir='ltr'>glori·</span> 
     </span>
     <span class='ocr_line' id='line_1_27' title="bbox 118 2995 1066 3075; baseline 0.004 -19"><span class='ocrx_word' id='word_1_192' title='bbox 118 2995 246 3070; x_wconf 85' lang='lat' dir='ltr'>fieatus‚</span> <span class='ocrx_word' id='word_1_193' title='bbox 287 2998 419 3060; x_wconf 88' lang='lat' dir='ltr'>nendum</span> <span class='ocrx_word' id='word_1_194' title='bbox 455 2999 526 3060; x_wconf 87' lang='lat' dir='ltr'>date</span> <span class='ocrx_word' id='word_1_195' title='bbox 557 2997 671 3075; x_wconf 88' lang='lat' dir='ltr'>Spiritu</span> <span class='ocrx_word' id='word_1_196' title='bbox 709 3004 826 3060; x_wconf 88' lang='lat' dir='ltr'>sancte.</span> <span class='ocrx_word' id='word_1_197' title='bbox 870 2998 933 3073; x_wconf 14' lang='lat' dir='ltr'>Sedu</span> <span class='ocrx_word' id='word_1_198' title='bbox 960 3000 1066 3065; x_wconf 75' lang='lat' dir='ltr'>‚datu</span> 
     </span>
     <span class='ocr_line' id='line_1_28' title="bbox 118 3092 1126 3182; baseline 0.006 -20"><span class='ocrx_word' id='word_1_199' title='bbox 118 3101 235 3179; x_wconf 86' lang='lat' dir='ltr'>Spiritu</span> <span class='ocrx_word' id='word_1_200' title='bbox 268 3111 376 3164; x_wconf 77' lang='lat' dir='ltr'>sancto·</span> <span class='ocrx_word' id='word_1_201' title='bbox 407 3106 496 3180; x_wconf 79' lang='lat' dir='ltr'>longe</span> <span class='ocrx_word' id='word_1_202' title='bbox 531 3103 606 3165; x_wconf 89' lang='lat' dir='ltr'>liunt</span> <span class='ocrx_word' id='word_1_203' title='bbox 639 3092 764 3178; x_wconf 87' lang='lat' dir='ltr'>majera.</span> <span class='ocrx_word' id='word_1_204' title='bbox 812 3103 886 3164; x_wconf 86' lang='lat' dir='ltr'>Nam</span> <span class='ocrx_word' id='word_1_205' title='bbox 921 3099 1035 3182; x_wconf 84' lang='lat' dir='ltr'>&#39;Spiritu</span> <span class='ocrx_word' id='word_1_206' title='bbox 1123 3174 1126 3179; x_wconf 12' lang='grc' dir='ltr'><strong><em>Δ</em></strong></span> 
     </span>
     <span class='ocr_line' id='line_1_29' title="bbox 118 3203 1114 3287; baseline 0.003 -18"><span class='ocrx_word' id='word_1_207' title='bbox 118 3208 457 3286; x_wconf 77' lang='lat' dir='ltr'>sancto·dat0,quasi</span> <span class='ocrx_word' id='word_1_208' title='bbox 495 3209 611 3287; x_wconf 87' lang='lat' dir='ltr'>impetu</span> <span class='ocrx_word' id='word_1_209' title='bbox 643 3208 723 3270; x_wconf 87' lang='lat' dir='ltr'>iacto</span> <span class='ocrx_word' id='word_1_210' title='bbox 759 3211 844 3270; x_wconf 88' lang='lat' dir='ltr'>irruit</span> <span class='ocrx_word' id='word_1_211' title='bbox 880 3211 908 3270; x_wconf 90' lang='lat' dir='ltr'>in</span> <span class='ocrx_word' id='word_1_212' title='bbox 938 3218 1033 3272; x_wconf 85' lang='lat' dir='ltr'>toturn</span> <span class='ocrx_word' id='word_1_213' title='bbox 1111 3203 1114 3284; x_wconf 72' lang='lat' dir='ltr'><strong><em>J</em></strong></span> 
     </span>
     <span class='ocr_line' id='line_1_30' title="bbox 117 3299 1033 3393; baseline 0.003 -19"><span class='ocrx_word' id='word_1_214' title='bbox 117 3320 264 3375; x_wconf 82' lang='lat' dir='ltr'>terranem</span> <span class='ocrx_word' id='word_1_215' title='bbox 288 3299 406 3385; x_wconf 83' lang='lat' dir='ltr'>orbem,</span> <span class='ocrx_word' id='word_1_216' title='bbox 439 3304 580 3393; x_wconf 82' lang='lat' dir='ltr'>loquitur</span> <span class='ocrx_word' id='word_1_217' title='bbox 602 3315 735 3376; x_wconf 86' lang='lat' dir='ltr'>emnium</span> <span class='ocrx_word' id='word_1_218' title='bbox 759 3309 891 3391; x_wconf 83' lang='lat' dir='ltr'>gentium</span> <span class='ocrx_word' id='word_1_219' title='bbox 913 3310 1033 3392; x_wconf 81' lang='lat' dir='ltr'>linguis,</span> 
     </span>
     <span class='ocr_line' id='line_1_31' title="bbox 114 3416 1032 3498; baseline 0.004 -20"><span class='ocrx_word' id='word_1_220' title='bbox 114 3435 175 3479; x_wconf 89' lang='lat' dir='ltr'>nec</span> <span class='ocrx_word' id='word_1_221' title='bbox 197 3416 320 3496; x_wconf 88' lang='lat' dir='ltr'>expellit</span> <span class='ocrx_word' id='word_1_222' title='bbox 341 3427 456 3481; x_wconf 86' lang='lat' dir='ltr'>tanturn</span> <span class='ocrx_word' id='word_1_223' title='bbox 479 3421 660 3493; x_wconf 68' lang='lat' dir='ltr'>decamanus,</span> <span class='ocrx_word' id='word_1_224' title='bbox 689 3421 748 3482; x_wconf 87' lang='lat' dir='ltr'>scd</span> <span class='ocrx_word' id='word_1_225' title='bbox 775 3422 858 3483; x_wconf 90' lang='lat' dir='ltr'>exuit</span> <span class='ocrx_word' id='word_1_226' title='bbox 878 3421 1032 3498; x_wconf 77' lang='lat' dir='ltr'>diabolum</span> 
     </span>
     <span class='ocr_line' id='line_1_32' title="bbox 114 3514 1031 3605; baseline 0.004 -21"><span class='ocrx_word' id='word_1_227' title='bbox 114 3535 228 3605; x_wconf 82' lang='lat' dir='ltr'>regne,</span> <span class='ocrx_word' id='word_1_228' title='bbox 256 3532 286 3585; x_wconf 90' lang='lat' dir='ltr'>et</span> <span class='ocrx_word' id='word_1_229' title='bbox 303 3524 410 3602; x_wconf 80' lang='lat' dir='ltr'>jugum</span> <span class='ocrx_word' id='word_1_230' title='bbox 434 3514 550 3600; x_wconf 83' lang='lat' dir='ltr'>oneris,</span> <span class='ocrx_word' id='word_1_231' title='bbox 578 3529 695 3603; x_wconf 83' lang='lat' dir='ltr'>virgam</span> <span class='ocrx_word' id='word_1_232' title='bbox 717 3526 849 3599; x_wconf 86' lang='lat' dir='ltr'>humeri,</span> <span class='ocrx_word' id='word_1_233' title='bbox 878 3535 1031 3603; x_wconf 84' lang='lat' dir='ltr'>sceptrum</span> 
     </span>
     <span class='ocr_line' id='line_1_33' title="bbox 112 3613 1033 3721; baseline 0.003 -31"><span class='ocrx_word' id='word_1_234' title='bbox 112 3613 271 3703; x_wconf 56' lang='lat' dir='ltr'>&#39;exactoris</span> <span class='ocrx_word' id='word_1_235' title='bbox 294 3631 467 3721; x_wconf 79' lang='lat' dir='ltr'>confringit,</span> <span class='ocrx_word' id='word_1_236' title='bbox 502 3631 581 3702; x_wconf 86' lang='lat' dir='ltr'>sicut</span> <span class='ocrx_word' id='word_1_237' title='bbox 610 3632 639 3692; x_wconf 94' lang='lat' dir='ltr'>in</span> <span class='ocrx_word' id='word_1_238' title='bbox 662 3631 711 3691; x_wconf 90' lang='lat' dir='ltr'>die</span> <span class='ocrx_word' id='word_1_239' title='bbox 732 3615 970 3702; x_wconf 83' lang='lat' dir='ltr'>Midiantestae</span> <span class='ocrx_word' id='word_1_240' title='bbox 991 3633 1033 3694; x_wconf 91' lang='lat' dir='ltr'>ibi</span> 
     </span>
     <span class='ocr_line' id='line_1_34' title="bbox 116 3733 1030 3831; baseline 0.007 -34"><span class='ocrx_word' id='word_1_241' title='bbox 116 3736 259 3809; x_wconf 84' lang='lat' dir='ltr'>collisae,</span> <span class='ocrx_word' id='word_1_242' title='bbox 294 3736 443 3799; x_wconf 87' lang='lat' dir='ltr'>buccinae</span> <span class='ocrx_word' id='word_1_243' title='bbox 475 3733 621 3812; x_wconf 86' lang='lat' dir='ltr'>inflatae,&#39;</span> <span class='ocrx_word' id='word_1_244' title='bbox 651 3737 759 3802; x_wconf 84' lang='lat' dir='ltr'>hostes</span> <span class='ocrx_word' id='word_1_245' title='bbox 788 3738 847 3831; x_wconf 78' lang='lat' dir='ltr'>lusi</span> <span class='ocrx_word' id='word_1_246' title='bbox 879 3745 910 3801; x_wconf 89' lang='lat' dir='ltr'>et</span> <span class='ocrx_word' id='word_1_247' title='bbox 938 3739 1030 3803; x_wconf 87' lang='lat' dir='ltr'>caesi.</span> 
     </span>
    </p>
   </div>
   <div class='ocr_carea' id='block_1_3' title="bbox 0 0 1134 4170">
    <p class='ocr_par' dir='ltr' id='par_1_3' title="bbox 0 0 1134 4170">
     <span class='ocr_line' id='line_1_35' title="bbox 0 0 1134 4170; baseline 0 2"><span class='ocrx_word' id='word_1_248' title='bbox 0 0 1134 4170; x_wconf 95' lang='lat' dir='ltr'> </span> 
     </span>
    </p>
   </div>
  </div>
 </body>
</html>
