2258 4170
416 237 419 251 .
510 170 633 276 Esaiam·
762 182 840 277 '¹
978 148 1079 248 37

101 365 136 429 de
150 365 342 429 immolando
351 365 435 445 filio,
448 334 643 430 intuebantur
658 365 780 429 enimin
802 365 904 444 ipsum
928 362 1019 445 opu's,
1116 390 1125 397 ·

101 474 276 535 mandatum
294 480 407 546 autem,
430 474 514 551 quod
528 491 608 550 opus
629 481 851 551 praecesserat,
871 481 901 534 ct
915 473 1018 544 fidem,

104 597 163 658 qua
183 581 360 642 mandatum
382 564 512 658 exsequi
537 581 660 641 volebat
673 578 856 651 Abraham,
892 597 951 641 non
974 578 1019 640 in-

106 686 270 747 tuebantur.
321 687 498 748 Amiserunt
519 686 610 763 igitur
630 682 787 757 nucleum,
826 693 855 745 et
877 694 1019 762 putamen

61 850 64 859 .
109 793 188 854 uncis
203 792 384 864 retinebant,
408 778 491 853 sicut
508 788 602 853 etiarn
624 791 738 852 iaciunt
759 791 853 852 nostri
868 786 1019 868 papis'tno,

106 899 156 978 uui
174 899 293 975 regulas
315 904 346 957 et
367 897 490 958 ordines
513 892 633 976 patrum
655 895 834 974 praedicunt
855 906 885 957 et
906 904 1018 974 postea

116 1022 148 1067 ex
171 1021 276 1080 magna
313 1010 355 1082 et,
371 1003 516 1078 singulari
550 989 701 1079 sapientia
728 1003 929 1080 pronunciant
957 1020 1016 1065 nou

119 1112 197 1172 luisse
216 1125 271 1169 eos
285 1110 383 1170 malos
395 1108 545 1181 hominos
567 1108 622 1170 sed
640 1108 901 1186 dignos,qlrorum
923 1110 1016 1170 vitum
1045 1144 1049 1153 =

118 1216 163 1294 ipsi
181 1230 303 1293 quoque
325 1196 489 1277 imitentur.
532 1215 651 1288 Fidem,
685 1231 765 1292 quoe
794 1215 886 1276 debet
907 1216 1016 1277 eadem

118 1310 220 1384 esseio
243 1320 386 1381 omuibus
409 1312 541 1391 satietis,
563 1327 593 1382 et
615 1321 759 1392 verbum,
780 1320 932 1398 quod-est
953 1320 1016 1383 dux

119 1427 172 1490 idei
188 1432 217 1488 el
238 1425 395 1502 magister,
418 1420 585 1502 negligunt.
650 1486 658 1517 x

125 1589 355 1695 interpretes
377 1615 434 1674 tui
456 1615 733 1693 praevaricati
757 1581 906 1676 suntin
928 1633 993 1677 me.

78 1822 84 1827 -
181 1744 324 1822 Loquitur
345 1742 387 1805 de.
406 1742 544 1803 doctrino
565 1751 595 1805 et
615 1744 761 1805 institutis
784 1745 916 1816 vivendi,
939 1744 1013 1825 Om-

116 1840 283 1927 nia'ioquit,
302 1850 413 1909 docent
434 1858 556 1926 praeter
578 1839 717 1911 nucleum
740 1849 769 1909 in
783 1852 859 1927 iege,
883 1851 1041 1922 lrocest,.,
1096 1836 1125 1937 *-

117 1957 319 2035 promissiones
340 1953 551 2027 inchristum,
573 1962 761 2034 occupantur
781 1964 883 2017 autem
897 1956 1014 2017 interim
1097 1938 1103 1947 ⁸

114 2062 155 2124 illa
173 2071 291 2124 externa
306 2048 392 2121 larva
415 2052 540 2139 operum
554 2070 584 2123 el
595 2062 822 2134 sacrificiorum,
844 2062 890 2123 sic
905 2067 1016 2134 utros,

61 2202 68 2275 'r
114 2185 165 2247 que
182 2152 302 2229 damnat
322 2173 354 2227 ct
375 2165 518 2231 doctores
540 2166 661 2249 populi,
676 2178 707 2230 et
725 2176 838 2246 patres,
860 2169 912 2246 qui
925 2168 1013 2229 insti·
1108 2167 1114 2174 '

61 2284 72 2341 l
116 2280 219 2336 luerunt
237 2289 301 2335 eos.

265 2516 269 2525 .
342 2459 568 2538 [Principes
590 2448 769 2524 sanctos.

185 2588 311 2650 Sanctos
335 2588 426 2651 uocat
447 2591 532 2653 sicul·
548 2593 633 2652 Rom.
655 2589 688 2661 9,
719 2606 849 2668 quorum
879 2591 1005 2667 adoptio

115 2694 201 2769 'gloria
221 2701 445 2768 testamentum,
467 2697 525 2769 lex,
547 2698 655 2768 cultus,
678 2682 910 2773 promissiones,
932 2712 1012 2774 quo-

80 2780 86 2793 ’
118 2816 168 2860 rum
186 2807 306 2877 patres,
342 2820 381 2864 cx
414 2802 526 2880 quibus
559 2809 650 2863 natus
684 2800 822 2863 Christus
844 2802 1010 2863 sc'cundum

117 2922 218 2968 carnem
239 2916 295 2969 etc.
408 2920 414 2930 ·

207 3118 211 3129 ·
276 3051 371 3157 llcdi
395 3096 443 3155 ad
464 3082 676 3156 anathema
696 3093 827 3155 Jacob.

179 3222 242 3285 lloo
264 3230 312 3284 cst
333 3221 510 3300 simpliciter
530 3223 663 3299 abjicere
676 3215 833 3300 populum
855 3238 923 3282 com
947 3228 1010 3282 totu

61 3358 63 3363 ·
109 3328 172 3402 lege,
193 3337 221 3388 et
243 3328 518 3404 totocultulegis1,
540 3330 623 3406 quod
637 3329 735 3391 omnis
749 3344 854 3388 eorum
871 3328 1009 3389 doctrina

106 3440 131 3492 ct
151 3433 209 3493 vita
231 3434 271 3494 sil
292 3435 431 3494 conlusio
461 3440 491 3494 et
523 3433 707 3495 abominatio
741 3450 843 3495 coram
866 3434 947 3503 Deo,
980 3441 1010 3494 et

78 3556 82 3565 ’
104 3555 155 3627 ooo
171 3539 288 3614 justitia
310 3541 390 3600 sicut
406 3540 465 3616 ipsi
479 3539 574 3601 videri
592 3541 704 3601 volunt.
726 3540 807 3600 ldem
826 3539 918 3601 hodie
930 3539 1005 3600 dici·

61 3682 64 3689 ·
102 3646 223 3722 musde
245 3652 372 3723 papatu.
876 3650 882 3661 ¹
