2258 4170
513 158 711 249 Romaest*
792 170 822 227 ’·
988 180 1082 249 33

728 250 735 291 t

111 360 249 434 ambulat,
272 368 417 424 ettamen
435 365 550 426 invenit
567 351 729 442 mamper
749 379 841 434 mare,
863 365 1032 442 perrumpit
1109 424 1112 431 .

96 469 185 528 ·enim
208 483 266 565 per
287 469 392 533 omnia
425 470 475 530 itta
511 463 591 531 mala
622 460 877 538 divina'virtute.
918 468 951 529 in
975 468 1028 529 do-

113 580 189 647 serto
211 574 329 636 invenit
351 591 474 653 aquam.
518 576 700 638 consolatur
720 576 800 636 enim
822 582 853 636 et
868 574 1029 637 confirmat

115 696 174 740 cam
197 677 341 741 Christus
363 682 472 759 spiritu
505 678 535 744 et
553 676 660 749 ‘verbo
694 697 767 743 suo·
786 680 927 751 -Bestias
962 683 1027 757 agri

115 792 199 845 vocat
220 785 379 864 principes
400 787 519 860 mundi,
547 775 676 864 quornm
698 784 783 846 multi
805 795 1027 848 convertentur.

114 889 235 951 Notabis
270 898 372 953 autem
406 893 489 970 quod
517 906 577 954 non
599 892 692 964 dicit,
731 908 767 954 se
803 893 880 953 velie
908 894 1027 954 auterre

98 996 221 1099 ¹bestias
246 998 314 1072 agri
343 1006 375 1059 et
395 998 565 1072 desertum,
595 999 652 1060 sed
674 998 820 1076 promittit
841 998 925 1070 iore,
943 1005 974 1059 ut
995 998 1025 1058 in

81 1104 84 1111 '
102 1101 166 1162 'iliis
183 1100 323 1178 habeant
338 1104 578 1168 consolationem
593 1111 623 1166 et
634 1120 824 1178 successum,
846 1112 875 1166 et
888 1119 1026 1182 petrum

111 1213 179 1285 pant
198 1223 257 1285 per
277 1210 400 1273 medias
422 1208 643 1276 tribulationes¹

154 1408 160 1417 ·
247 1397 437 1485 Populum
458 1402 575 1493 istum¹
597 1396 888 1484 formavimihi.
918 1412 923 1422 ·

187 1526 247 1587 Hic
267 1526 374 1607 incipit
394 1526 582 1606 distingnere
615 1529 803 1608 poputuma
829 1527 957 1605 populo,
991 1534 1022 1588 ct

109 1631 270 1695 iudaicam
294 1635 441 1712 poputum
453 1635 492 1695 a'b
504 1636 635 1697 ecclesia
648 1634 739 1706 fideii,
762 1633 918 1709 abrogans
934 1633 1025 1694 simut

108 1730 209 1800 omnia
232 1739 347 1802 veteris
369 1740 555 1803 Testamenti
577 1722 745 1813 sacrificia,
780 1726 811 1801 ct
833 1740 1024 1803 constituens

106 1841 244 1924 nova*).
287 1845 340 1907 iiia
361 1855 464 1908 vestra
486 1847 644 1917 sacrificia,
665 1838 770 1924 inquit
792 1846 912 1908 fuerunt
933 1862 1025 1923 prae·
1091 1920 1095 1927 ⁸

59 1940 72 2037 ¹i
107 1935 389 2025 iudia‘futurorum
414 1969 471 2015 nec
486 1931 704 2028 justificabant.
729 1953 829 2014 =Veta
849 1959 950 2014 autem
970 1968 1022 2013 sa-

109 2055 227 2128 crificia,
250 2074 333 2136 quae
355 2075 414 2135 ego
437 2059 543 2137 probo,
565 2059 615 2120 iiia
635 2065 722 2121 sunt:
763 2057 899 2120 Laudem
912 2075 1023 2119 „meam

111 2178 242 2235 narrare,
280 2180 331 2230 me
352 2154 541 2242 praedicare.
583 2165 616 2225 id
639 2164 721 2242 quod
743 2163 808 2225 fleri
829 2181 889 2225 non
912 2170 1023 2242 potest,
1071 2159 1074 2163 ’
1117 2224 1119 2229 .

112 2268 166 2330 nisi
188 2285 245 2331 vos
267 2279 299 2331 et
320 2270 423 2332 omnia
445 2276 547 2333 nestra
568 2270 671 2344 studia
692 2270 842 2332 damnetis
864 2277 921 2333 etc.
946 2269 1024 2331 Mira

87 2446 91 2455 1
113 2375 138 2434 in
157 2375 286 2452 singuiis
308 2377 412 2438 verbis
433 2383 482 2442 est
502 2376 672 2454 emphasis.
714 2375 768 2438 Est
790 2377 940 2453 populas,
960 2374 1023 2467 ¹qui

93 2483 343 2570 'nonsetormat
366 2481 615 2559 sicutjustitiarii,
639 2483 694 2545 sed
710 2475 1022 2550 formaturatihristo,
1072 2516 1078 2529 ·

76 2656 80 2669 Ι
112 2595 136 2647 et
154 2588 301 2651 formatur
322 2603 383 2649 non
405 2588 443 2649 ad
466 2604 543 2651 suas
577 2589 699 2660 laudes,
734 2587 789 2680 sed
824 2587 862 2649 ad
900 2587 1022 2657 laudem

111 2691 223 2755 Christi.
252 2656 305 2756 Ea
311 2701 382 2756 sunt
393 2709 466 2753 vera
489 2694 647 2766 sacrificia,
669 2692 848 2770 praedicare
860 2692 1022 2773 Christum,
1069 2744 1072 2751 .

108 2806 134 2858 et
152 2799 281 2861 laudare
297 2816 383 2873 ·‚enm
407 2799 552 2862 damnare
571 2807 708 2862 nostram
727 2798 885 2876 justitiam,
909 2805 939 2858 et
956 2806 1021 2859 stu·

69 2903 151 2995 ''dia
172 2912 291 2968 nostra.
334 2906 403 2967 Hoc
431 2920 536 2968 venum
559 2914 608 2968 est
628 2905 858 2974 holocaustum,
891 2903 952 2965 hoc
972 2910 1022 2965 est

103 3017 238 3071 mactare
258 3011 395 3084 bestias,
432 2998 478 3073 et‘
495 3012 556 3089 igni
579 3013 700 3090 penitus
718 3011 859 3101 abolere,
894 3017 926 3072 ut
946 3008 1021 3071 nihii

100 3116 236 3195 supersit
256 3125 433 3181 nostrarum
450 3116 565 3180 sirium
587 3126 617 3180 et
638 3117 818 3180 studiorum.

288 3321 293 3331 ·
338 3305 418 3368 Non
440 3322 494 3367 me
516 3304 719 3368 invocasti
739 3313 809 3367 etc.

176 3432 354 3519 Pronomen
376 3435 425 3498 Me
457 3441 487 3498 et
504 3430 581 3497 Mihi
613 3450 669 3513 per
689 3441 785 3497 totum
812 3428 900 3497 hunc'
917 3434 1016 3498 iocum
1102 3468 1104 3476 ,

165 3656 200 3722 *)
222 3656 371 3709 Discrimen
388 3655 525 3725 utriusque
544 3652 635 3725 popuii
655 3662 683 3707 et
715 3655 901 3710 sacrificiorum
921 3655 1018 3709 veteris

100 3759 125 3803 ct
140 3751 214 3805 novi
226 3751 405 3813 Testamenti,
422 3792 425 3799 .

111 3851 207 3891 mm
219 3848 276 3904 om
289 3861 351 3902 «ιη.
369 3849 416 3893 m
428 3850 509 3896 xxm.
793 3855 815 3929 3

227 3986 235 4019 Ι
285 3994 288 3999 ,
