2258 4170
411 78 486 200 (Ἀρι
496 110 526 177 9.
546 116 654 177 Esaiae.

167 394 170 401 ’
288 415 291 418 «
366 358 560 458 Princeps
583 376 705 455 pacis.

157 504 226 567 Hoc
258 512 378 569 sextum
406 522 517 569 nomen
539 512 596 567 est.
644 501 792 578 lnquitnr
818 511 921 565 autern
951 503 990 565 de
1092 568 1095 572 ,

73 623 162 685 pace,
184 610 272 687 cuijus
294 628 356 673 non
377 601 417 674 sit
438 611 516 673 finis.
546 611 579 672 Si
599 609 681 698 enirn
702 601 790 685 paler
812 617 992 686 perpetuus,

71 717 100 776 si
116 714 172 776 filii
194 717 331 795 peipetui
362 725 392 779 et
413 721 761 795 regnumperpetunm,
784 722 908 790 ergoet
929 706 992 792 p'ax

10 874 12 879 ,
72 826 225 900 perpetua
259 806 331 894 sitsx
352 827 480 898 oportet.
528 821 611 881 Talis
644 813 725 881 cerie
759 835 814 880 rex
847 835 906 879 nun
938 819 992 881 luit
1025 802 1032 817 ⁸

10 908 29 921 ”
69 922 240 1007 Ezechias,
272 928 312 988 de
333 943 395 1004 quc
417 925 527 987 ludaei
547 924 625 986 haee
646 925 828 1007 intelligunt,
850 926 909 986 tale
931 941 991 984 nnn

70 1016 208 1106 luitejus
221 1047 365 1108 regnum„
387 1030 491 1107 Qualis
504 1031 584 1100 enim
605 1030 660 1092 luit
682 1044 744 1107 pax
765 1029 824 1090 sub
840 1027 991 1091 Ezechiat

69 1136 137 1199 Aut
163 1139 246 1199 nulla
274 1145 327 1201 aut
353 1120 517 1199 admodum
547 1136 657 1198 tenuis.
710 1126 879 1211 Quare-de
913 1136 993 1197 nullo
1026 1168 1035 1181 -=
1063 1146 1066 1153 ·

20 1298 24 1303 .
71 1243 135 1304 alio
152 1258 246 1321 qnam
268 1259 363 1321 puero
385 1229 475 1304 nobis
496 1247 569 1304 nato
590 1241 752 1306 etchristu
774 1256 846 1317 rege
869 1240 992 1318 intelligi
1062 1244 1073 1255 ⁴

72 1355 195 1426 potest,
216 1349 270 1425 qul
291 1349 376 1411 solus
397 1355 505 1424 regnat
525 1348 555 1410 in
577 1363 664 1426 pace.

158 1453 252 1516 Porro
274 1453 330 1516 nbi·
348 1460 477 1517 manent.
491 1469 586 1526 mors,
622 1459 781 1530 peccalum
803 1457 833 1512 et
853 1452 917 1522 lex,
950 1439 992 1512 ibi

73 1568 202 1633 nonest
223 1575 286 1636 pax
307 1558 419 1639 ningo
441 1560 551 1630 oneris,
574 1558 660 1634 virga
680 1556 808 1630 humeri,
829 1572 848 1616 a
869 1563 992 1632 sceptro
1021 1598 1025 1619 .

73 1664 242 1727 exactoris.
279 1656 503 1727 llaecanirnam
521 1673 551 1728 et
572 1663 789 1726 conscientiam
811 1658 870 1723 nuli
892 1661 993 1723 sinunt
1061 1654 1080 1693 V

74 1772 248 1849 quiescere.
291 1770 390 1831 Habet
417 1769 541 1847 quidem
571 1767 703 1830 mundus
732 1782 854 1847 pacem,
882 1766 996 1847 uiuunt
1073 1758 1082 1766 '

42 1882 52 1897 “
75 1876 106 1937 in
135 1893 257 1938 summa
280 1864 458 1964 securitate,
492 1872 605 1937 laetitia
626 1880 657 1934 et
678 1889 773 1951 pace,
803 1872 940 1932 carnales
963 1881 993 1933 et

76 1982 162 2059 impii
184 1981 333 2052 homines,
356 1979 410 2041 sed
433 1979 535 2040 omnia
556 1979 684 2064 illorum¹
697 1977 858 2055 praesidia,
880 1977 993 2054 quibus

75 2089 211 2176 nituntur
232 2094 263 2148 et
277 2074 393 2156 fidunt,
423 2092 493 2146 sunt
515 2085 644 2156 incerta,
667 2083 784 2145 caduca
806 2090 836 2142 et
857 2099 994 2171 momen·
1102 2108 1108 2123 x

53 2191 286 2261 ‚tauea‘llinc
304 2190 345 2252 ait
359 2189 437 2251 Hinb
460 2205 527 2265 cap.
548 2186 599 2261 21,
622 2189 740 2251 Ducunt
761 2189 791 2249 in
814 2187 903 2257 bunis
925 2176 1010 2248 dies'
1078 2222 1080 2227 ,

80 2313 156 2359 suos
186 2304 218 2358 el
250 2295 280 2357 in
310 2302 422 2372 puncto
444 2295 483 2355 ad
506 2295 621 2355 interna
641 2279 839 2355 descendunt.
881 2284 993 2355 Guntia

45 2472 49 2479 ,
80 2399 448 2480 populus-huiusinlnnlis
462 2398 564 2461 et-filii
585 2399 700 2461 iruetur
720 2392 879 2470 constanti,
902 2399 992 2460 beata

52 2520 55 2525 ·
79 2516 109 2569 et
129 2513 277 2585 perpetua
299 2521 385 2584 pace,
406 2504 480 2583 qnia
501 2520 556 2567 rex
572 2502 639 2581 eius
661 2511 710 2566 est
730 2503 873 2582 princeps
896 2490 992 2582 pacis,

27 2658 33 2663 -
77 2621 107 2675 et
128 2613 200 2674 telis
221 2611 324 2689 pacis,
347 2609 434 2686 cnjus
456 2627 516 2677 non
537 2610 594 2672 enit
614 2608 684 2672 finis
705 2617 761 2677 ela

160 2717 394 2795 Observandum
408 2690 457 2778 est
469 2723 569 2777 autern
581 2712 683 2776 inhoc
703 2718 771 2777 luco
793 2721 824 2776 et
844 2715 873 2775 in
895 2715 993 2783 crani-

77 2823 136 2886 bus
158 2823 238 2885 locis
257 2823 436 2901 scripturae,
458 2820 510 2883 ubi
532 2818 717 2897 praedicitur
739 2819 1027 2909 repnnnrrchristi·¹
1114 2850 1116 2855 ·

10 2946 14 2951 ·
59 2920 234 2985 ‘aeternnm
257 2930 287 2984 et
307 2928 479 3007 pacificum,
499 2913 582 3006 quon
605 2931 635 2985 et
654 2912 837 2987 resurrectio
858 2934 992 2988 mortuo·

10 3072 13 3079 ·
74 3044 142 3091 rum
155 3029 299 3095 luturaet
320 3035 523 3111 vitajqunque
545 3036 668 3091 aeterna
689 3028 871 3092 involvatur.
893 3031 992 3110 ‚idque

10 3138 42 3187 ’Κ
75 3136 292 3201 exaranilesta
308 3137 528 3216 consequentia
542 3152 580 3197 ex
602 3128 651 3196 his
672 3135 748 3198 loeis
770 3134 901 3210 habetis,
921 3153 991 3197 narn
1075 3106 1088 3127 ⁸

73 3237 101 3300 si
114 3247 164 3302 est
184 3242 402 3327 regnumeJus
424 3258 550 3320 regnum
573 3246 717 3302 aeternae
737 3240 824 3318 pacis
845 3251 875 3304 et
895 3249 992 3305 aeter·
1018 3312 1024 3320 ⁸

32 3404 35 3409 .
68 3360 133 3408 nae
150 3343 306 3424 iustitiae,
339 3364 413 3426 ergo
445 3346 631 3410 econtrario
651 3354 828 3437 *peccatum
860 3353 994 3429 merset

23 3498 27 3507 .
69 3450 124 3514 lex
146 3455 329 3528 cessabunt,
343 3435 535 3532 'mortuique
555 3452 586 3514 in
609 3450 730 3532 christo
751 3454 862 3532 sepulti
883 3471 903 3514 c
924 3469 992 3516 ver·

69 3556 179 3621 mibus
200 3556 288 3623 adesi
310 3566 341 3622 et
359 3560 389 3622 in
412 3556 568 3638 pulverem
590 3558 705 3622 redacti
725 3567 893 3636 resurgent.
926 3558 993 3621 Hoc

60 3665 157 3761 ¹clarc
188 3664 378 3729 convincitur
409 3679 449 3726 ex
477 3664 555 3729 istis·
575 3665 698 3739 -verbla,
732 3664 822 3727 Pacis
844 3663 911 3742 ejus
931 3679 992 3731 nou

95 3776 498 3841 trusutlpp.exag.v01.xltttt
728 3774 771 3846 28
803 3839 808 3848 ¹

411 3856 417 3883 l
