2258 4170
466 242 468 246 Α
512 168 621 228 usne.
962 112 1057 225 111's

100 345 149 437 de
164 353 350 426 contemptu
371 346 460 408 serbi
494 346 658 408 miserabili
690 345 817 424 ubique.
849 335 920 405 =Sed
938 343 1023 422 quid

101 453 259 516 iaciamus
295 453 378 516 nusi
417 449 570 529 Propheta
602 450 680 514 enim
709 450 791 520 inem„
819 448 869 511 hic
901 463 1031 528 quoque-

104 560 265 637 queritur,
297 567 328 620 et
354 558 510 620 desertum
543 559 676 637 sppeiiet
708 549 870 618 ecclesium
902 556 1023 632 pienum

106 665 224 738 ruinis,
257 680 356 742 quere
387 664 568 726 resistamus
600 661 682 725 huic'
709 662 855 724 scandalo
883 659 958 732 tide,
993 668 1026 722 et

109 787 279 849 pergemus
302 755 501 831 ministerium
523 777 658 832 nostrum
681 768 810 846 exsequi
831 767 860 827 in
884 766 1026 845 patientia

115 886 143 938 et
163 877 195 960 in
214 876 361 951 doctrino,
382 884 413 938 et
433 876 484 937 fiet
506 877 587 939 sicut
601 884 702 937 textus
724 873 803 944 dicit,
825 874 908 951 quod
930 871 1025 950 pone·
1107 924 1108 931 ,

111 992 158 1045 tur
171 983 330 1043 desertum
339 984 480 1044 nostrum
493 978 665 1044 sicutEden
676 987 709 1041 et
730 979 839 1041 hortus
851 974 1024 1056 Domini*).
1082 964 1097 983 “

114 1089 346 1150 Accommod'nri
367 1096 469 1150 nutem
492 1087 569 1167 hoec
583 1086 732 1175 privatin
754 1101 880 1163 quoque
902 1085 1033 1148 debent»

66 1218 72 1233 ·
115 1195 183 1259 rium
212 1194 241 1254 in
273 1194 405 1257 ecclesia
442 1192 520 1254 haec
551 1180 688 1265 solitudo
717 1208 777 1253 non
809 1191 851 1251 ite
884 1190 1023 1262 cernitur,
1053 1212 1074 1259 ο

65 1352 69 1363 ,
115 1300 223 1376 singuli
246 1307 349 1362 eutem
377 1300 527 1360 sentimus
554 1300 612 1360 nos
634 1314 706 1360 esse
727 1298 847 1359 steriles
870 1296 1024 1373 petisset
1109 1349 1112 1355 .

65 1386 73 1491 ξ
113 1386 224 1468 mmnm
247 1405 402 1476 desertum
423 1405 489 1482 sine
510 1403 585 1500 tide,
605 1420 672 1482 spe,
693 1402 852 1480 patientis,
874 1402 1022 1474 restitute,

112 1511 228 1573 statiis
250 1511 350 1572 donis.
393 1508 503 1572 contra
530 1509 612 1572 hunc
638 1504 763 1573 sensum
789 1508 944 1584 erigemus
966 1523 1023 1569 nos

110 1616 166 1679 huc
187 1616 412 1694 promissione,
430 1624 464 1678 et
486 1603 647 1679 credamus
667 1623 720 1678 aut
739 1631 797 1677 uos
819 1631 879 1676 uon
897 1615 1022 1677 omniuo
1088 1674 1093 1679 .

65 1738 67 1801 ε
108 1737 181 1785 esse
202 1702 342 1814 similes,
374 1729 427 1785 sut
447 1723 474 1785 si
496 1739 618 1795 sumus,
655 1722 791 1784 sciemus
823 1737 881 1782 uos
900 1719 1035 1812 ‚habere

108 1829 203 1890 Deum
227 1828 467 1906 promittentem,
494 1836 528 1890 ut
547 1827 727 1912 invocemus
749 1834 779 1889 et
807 1832 1023 1919 exspectemus
1063 1861 1074 1883 .

106 1934 354 2022 benedictionem
376 1932 453 2010 ejus.
485 1973 489 1985 ·
831 1931 834 1936 ’

225 2119 443 2198 [Attendite
466 2121 601 2196 adme,
624 2078 909 2203 popuiemeus.

190 2248 249 2309 Hic
270 2246 395 2310 modum
417 2256 447 2309 et
467 2249 593 2314 iormam
616 2251 713 2324 addit,
746 2250 902 2329 quomodo
918 2242 1022 2313 ‘eccie-

109 2350 227 2432 ciust)
252 2353 292 2415 sii
314 2334 578 2432 mniiipii'cunduet
600 2358 736 2436 perantia
758 2358 787 2418 in
811 2356 939 2428 hortum,
961 2373 1022 2418 nou

110 2459 254 2521 manibus
287 2466 320 2521 et
352 2450 382 2520 v'i
414 2461 545 2539 iiiique,⁴
563 2464 619 2525 scd
652 2470 734 2526 nova
767 2465 862 2539 teges
882 2461 942 2523 hoe
964 2469 1021 2534 est,

112 2554 281 2641 evaugelio,
303 2565 385 2643 qnod
409 2583 468 2629 non
484 2567 589 2633 Moses
611 2568 640 2630 in
661 2569 797 2632 iudaeos
818 2564 942 2641 tantum,
963 2568 1022 2633 sed

114 2671 180 2748 ipse
202 2669 342 2732 Christus
364 2687 418 2748 per
438 2671 599 2749 oposioios
627 2688 704 2738 suos
731 2675 761 2736 io
788 2682 884 2736 toturn
913 2676 1020 2737 orbern
1103 2717 1107 2729 „

117 2777 153 2837 sit
172 2777 398 2852 divulgeturus.
440 2775 528 2840 Ideo*
546 2788 616 2840 non·
635 2788 737 2857 potest
766 2781 864 2858 accipi
895 2782 934 2842 de
954 2783 1022 2856 iege
1109 2782 1112 2787 '

92 2881 197 2971 '‘Mosi.
226 2878 263 2941 Et
276 2887 324 2942 est
345 2879 474 2959 insignis
488 2882 575 2946 iocus
596 2891 625 2946 ei
647 2886 748 2947 murus
761 2887 800 2947 de
817 2885 1020 2962 abrogatione

65 3026 69 3035 ·
114 2985 281 3064 rugium-⁸).
325 2985 473 3062 Promittit
501 2989 580 3050 euim
612 3006 724 3052 novum
759 2989 881 3063 Mosen,
921 2993 1019 3067 legem
1119 2976 1122 2981 ’

75 3142 88 3155 ..
114 3107 235 3153 novum.
277 3088 323 3152 Ee
343 3107 403 3154 non
423 3100 527 3170 potest
546 3102 628 3157 csse·
640 3097 689 3157 iex
710 3112 851 3175 operum,
871 3097 956 3174 ¹quia
976 3104 1023 3159 ts·

112 3196 148 3275 iis
170 3204 236 3258 erni
256 3196 308 3258 iex
329 3195 425 3270 Hesi,
444 3197 503 3260 sed
527 3208 574 3262 est
595 3202 644 3263 iex
662 3203 780 3280 gratiae
801 3210 832 3263 et
852 3203 1024 3265 misericor·
1099 3208 1103 3213 ’

108 3302 194 3374 dise,
228 3317 292 3379 qun
309 3300 526 3379 justificemur,
557 3323 625 3369 cum
646 3322 716 3370 eum
737 3307 798 3371 tide
818 3307 1021 3387 apprehendi-

176 3551 211 3622 ⁴)
234 3550 355 3606 sursit·
380 3550 456 3605 Rieu
493 3561 522 3608 ct
549 3551 640 3606 hortm
667 3552 780 3606 Domini.
827 3551 877 3624 **)
896 3553 1017 3609 Ecclesia

101 3645 219 3716 pennis
251 3655 281 3701 ct
305 3643 503 3716 multiplicaris
529 3646 727 3718 praedieatione
756 3646 840 3704 verbi.
883 3648 945 3719 ⁴¹‘')
965 3649 1018 3705 ier

101 3741 268 3812 obtegenda.
484 3736 488 3742 '
885 3738 888 3743 ’
