2258 4170
409 219 412 223 ’
508 163 658 267 Esaiae*
885 236 887 242 =
968 188 1026 261 m

106 372 219 436 minem
247 375 387 438 laeseris.
431 376 482 438 Slo
501 378 584 438 bona
604 392 715 455 opera,
727 422 731 427 .
744 382 778 439 ul
794 374 944 454 Petrus*)
977 376 1027 450 ait,

106 486 212 541 curtos
235 481 348 542 laeiuut
362 481 409 543 'de
429 484 605 556 vocatione,
627 466 657 544 ¹et
677 482 806 543 liberant
826 482 1027 545 a-oondoien·

105 585 146 645 lio
174 589 328 649 malorum
356 569 484 667 operum
512 589 589 650 inter
615 587 768 649 homines.
811 587 917 664 Neque
946 589 1026 650 enim

103 690 156 765 bie
168 685 347 775 „versamur
367 695 487 756 inluso
509 694 549 754 de
566 693 813 786 justificatione..

293 818 598 964 Gloria'llomini
619 860 786 937 colliget
807 866 851 921 le.
880 820 908 875 7

192 985 241 1047 Ex
259 987 311 1048 illo
331 970 727 1050 testimoniouonseientiae
749 995 821 1050 tuae
842 993 873 1049 et
893 1003 936 1055 ox
954 1004 1030 1068 ope·

100 1089 194 1152 ribus
218 1093 280 1154 tuis
301 1100 404 1165 certus
426 1092 572 1166 redderis,
595 1094 692 1157 Deum
714 1094 768 1154 tibi
789 1095 868 1155 bene
890 1095 976 1166 velle,
999 1101 1030 1156 el

102 1196 246 1270 probare
269 1204 321 1258 tu'a
342 1214 449 1276 opera.
486 1199 538 1260 Sie
559 1199 610 1276 pia
631 1207 736 1271 mater,
757 1215 828 1261 oum
845 1214 939 1288 suam
961 1197 1030 1262 olii·

103 1300 192 1361 cium
213 1301 244 1362 in
266 1303 411 1364 curandis
437 1283 541 1364 liboris
564 1304 652 1377 lacit,
690 1312 772 1366 cerlo
794 1305 867 1377 seit,
898 1305 1032 1383 probaro

106 1404 210 1467 Deum
232 1407 303 1468 illud
327 1425 418 1486 opus.
461 1408 512 1477 Sia
534 1409 629 1486 gloria
652 1406 847 1489 operum**)
872 1404 953 1481 hae·
973 1416 1030 1483 est,
1104 1420 1106 1426 ’

107 1512 198 1590 quod
219 1515 387 1590 possumus
409 1514 491 1576 bona
514 1515 700 1575 conscientia
722 1509 840 1576 dicere:
871 1514 947 1577 'Seio
969 1515 1038 1580 hoo.

110 1634 195 1694 opus
216 1620 337 1697 plaeere
357 1620 431 1682 Deo.
462 1620 537 1681 Alia
558 1620 637 1682 euim
650 1613 729 1682 'fidei
751 1596 934 1709 gloriai‘esl,¹
949 1637 1030 1700 quaa

113 1722 199 1786 diail:
222 1724 292 1787 Seio
314 1741 363 1788 me
381 1725 499 1800 justum
520 1742 594 1807 esse
615 1728 682 1789 sola
704 1727 801 1803 gratia
824 1732 879 1787 ete.

401 1891 505 1952 Turro
524 1891 746 1954 invocabis.

200 2017 343 2081 Promittis
386 2018 477 2080 eliam
514 2019 543 2106 in
585 2019 779 2108 tribulatione
812 1981 936 2080 eertum
976 2033 1031 2080 en·
1112 2075 1116 2083 .

129 2122 227 2185 xillum.
266 2123 344 2186 Nem
366 2125 463 2187 oratio
490 2124 546 2186 viri
575 2124 604 2184 in
626 2124 687 2187 lide
707 2124 892 2186 ambulantis
913 2123 1031 2224 simpli-

134 2228 196 2291 citer
212 2237 256 2292 est
278 2229 433 2293 exaudita.

122 2356 123 2359 Ἴ
180 2463 187 2469 ,
214 2402 218 2409 ’
278 2367 318 2458 Si
340 2393 562 2472 abstuleris
584 2395 623 2457 da
646 2395 774 2457 medio
795 2395 859 2455 lui.

61 2604 63 2609 Δ
198 2521 247 2584 llst
287 2523 482 2601 amplificatio
518 2510 767 2600 promissionum.
786 2560 790 2571 ·
811 2522 897 2584 Siout
928 2518 1029 2584 autem

61 2632 64 2655 '
137 2642 210 2704 supra
227 2610 405 2704 generaliter
426 2629 464 2691 ad
486 2621 569 2692 bona
590 2645 684 2706 opera
705 2626 884 2690 cohortatus
906 2634 961 2700 est,
988 2628 1031 2688 ila
1112 2705 1117 2719 ⁸

137 2727 196 2793 haee
214 2735 384 2812 specialiter
404 2735 443 2797 de
478 2733 739 2813 praedicatoribus
770 2733 856 2794 verbi
887 2733 1031 2809 intelligo,

137 2854 197 2913 quos
214 2841 408 2904 inhumanius
430 2841 610 2904 tractabant.
638 2838 670 2901 Si
686 2839 850 2901 abstuleris
871 2839 1028 2904 demedio

135 2951 264 3023 salonam,
285 2945 346 3008 boo
360 2954 432 3018 est,
454 2946 480 3008 si
502 2945 632 3027 desieris
653 2943 822 3021 propbetas
844 2961 931 3007 rneos
953 2944 1037 3007 ailli-
1088 3030 1090 3033 .

134 3063 203 3122 gere,
228 3059 257 3112 et
277 3053 357 3112 male
379 3058 521 3123 tractare,
549 3050 635 3122 ilem,
664 3051 691 3110 si
714 3049 842 3111 desieris
862 3051 1043 3114 extendero
1126 3118 1128 3123 ,

61 3156 65 3231 l
132 3151 246 3228 digitum,
268 3156 299 3217 id
323 3163 387 3228 est,
420 3157 517 3217 ridere
540 3171 626 3217 meos
649 3153 805 3216 ministros
828 3163 858 3216 et
880 3156 1028 3219 conviciis

129 3256 283 3336 incessere,
314 3270 344 3322 et
366 3263 392 3323 si
415 3261 560 3324 effuderis
583 3244 714 3323 animam
737 3246 899 3346 esurientiss
920 3261 950 3323 id
978 3262 1036 3333 est,

128 3368 299 3430 saturaveris
321 3384 401 3439 eum,
424 3368 536 3427 orietur
558 3365 742 3426 intenebris
764 3366 817 3426 lux
839 3372 899 3438 tuo,
921 3367 951 3427 id
975 3375 1035 3441 est,

123 3467 282 3538 abundabis
306 3472 448 3534 omnibus
469 3472 570 3534 bonis.
614 3470 668 3532 llst
691 3471 770 3530 enim
787 3470 959 3547 promissio
982 3473 1029 3535 ls-

121 3570 232 3639 lieilrtis
252 3585 282 3639 et
303 3577 403 3638 bonae
426 3576 641 3638 eonscientiae.

120 3693 318 3713 Ἢ

187 3749 316 3819 ⁸)21’el.
337 3752 362 3806 l.
400 3751 450 3819 ἕ)
470 3749 559 3805 Gloria
579 3763 698 3818 operum.
717 3747 808 3803 Gloria
842 3748 913 3803 odet
993 3781 996 3787 ι
