2258 4170
698 126 708 153 i

515 177 626 239 llsaine.
911 196 915 201 ·
979 160 1021 233 ll

103 358 210 423 initum
241 359 339 422 verbo
359 354 508 430 Ilei,·‘esl
539 352 746 418 abominabile
775 360 805 414 et
827 351 1021 422 diabolinum,

109 470 133 528 si
153 484 208 544 per
228 468 258 527 id
282 468 406 544 placare
418 466 516 527 Deum
538 478 784 541 praesumamus.
827 458 926 533 Quare
948 455 1031 539 nibil·

112 575 253 635 debemus
286 588 387 651 neque
419 573 535 643 lacere,
557 584 630 629 nee
651 567 778 636 dooere,
808 581 865 645 nee
887 563 1021 645 eredere,

113 679 164 740 nisi
189 678 272 756 quod
302 677 477 739 certissimo
508 675 563 736 Dei
595 665 733 749 derbo*)
757 678 807 732 est
836 670 1021 730 mandalum.

101 785 141 845 .ln
151 785 185 845 iis
201 792 309 856 autem,
321 792 413 861 'quae
433 778 795 844 non'suntaonseientiae
805 791 862 837 neo
875 776 1023 853 pertinent

69 885 83 911 ·’
119 890 308 967 adjustitiam
330 883 435 951 eoram
458 888 521 949 Deo
544 885 748 957 statuendam,
770 890 833 944 tulo
852 864 1022 959 possumus

101 998 194 1074 ''sequi
214 996 371 1057 doellinas
388 993 563 1067 homiuum,
585 999 619 1055 ut
640 992 669 1053 in
693 991 872 1052 oeennnmia
895 996 924 1048 ot
945 987 1022 1063 poli·

122 1082 161 1166 tia.
197 1091 354 1179 Sapientia
376 1101 457 1162 enim
471 1098 701 1162 administrandi
712 1112 766 1158 eas
781 1110 847 1187 res·
861 1088 1021 1155 uobiscum

91 1227 95 1235 ·
122 1216 206 1272 emata
227 1214 282 1280 est,
305 1215 335 1268 el
351 1208 509 1289 pertinent
530 1223 587 1267 eae
603 1220 654 1266 res
678 1209 792 1265 lantum
816 1201 853 1261 ad
877 1215 1021 1276 corpora*

104 1318 170 1377 deur
187 1315 290 1382 vitam,
317 1313 375 1373 sed
407 1313 743 1385 eonsdentiasuegere
765 1324 825 1369 non
848 1306 905 1367 uisi
929 1305 1023 1364 verbo

111 1420 163 1490 lla·
182 1436 348 1496 possumus
371 1410 402 1480 et
424 1421 582 1483 debemus.
602 1417 688 1479 lden
710 1416 836 1506 damnat
850 1427 905 1475 eos
920 1409 1024 1471 l'abrbs

82 1594 86 1599 ,
121 1526 227 1598 Esaiam,
248 1524 333 1602 quod
355 1526 418 1587 sint
438 1542 478 1587 ex
497 1524 683 1589 hominibus.
994 1528 997 1535 '

187 1630 279 1692 Porro
313 1632 444 1709 eopiosa
477 1639 507 1694 et
538 1626 629 1709 longa
664 1629 829 1709 descriptio
865 1632 1020 1692 fabrorum

63 1806 65 1811 ,
120 1722 238 1800 ostendit
265 1736 421 1799 miseriam
453 1738 566 1816 impiae
598 1728 768 1813 religionis,
791 1735 879 1813 eujus
907 1740 1024 1800 l'ruetns

119 1824 345 1914 sunl'laborare
366 1843 495 1921 fatigari,
517 1842 628 1920 adfligi,
650 1851 680 1904 et
701 1842 823 1904 tandem
847 1850 919 1920 post
941 1858 1025 1904 snm-
1049 1922 1055 1931 ἱ

118 1965 175 2011 mos
196 1948 317 2010 iabores
341 1946 513 2028 conlundi}
555 1928 809 2020 Contra,.n0stra
832 1956 861 2010 ot
884 1966 955 2013 vera
978 1968 1025 2009 re-

117 2057 186 2131 ligio,
208 2072 288 2133 quae
311 2055 403 2116 docet
422 2054 564 2117 fiduciam
587 2057 616 2116 in
639 2054 880 2117 misericordiam
903 2056 1022 2127 clrrlsll

79 2236 83 2243 .
117 2162 158 2223 illa
176 2160 319 2245 pacificat
352 2162 446 2224 eorda
468 2170 574 2247 nostra
595 2162 624 2221 in
645 2160 761 2236 judicio
784 2156 852 2235 lter,
884 2170 914 2241 ot
935 2180 1024 2239 prae-

116 2274 167 2328 slat
186 2267 332 2344 gaudium
355 2268 385 2327 in
406 2268 513 2346 spiritu
535 2275 658 2340 saneto,
676 2268 726 2330 'ut
748 2269 911 2344 gloriemur
932 2269 1023 2330 eliani

113 2374 138 2432 in
157 2370 418 2445 tribulationibus,
447 2389 527 2451 quae
553 2362 677 2439 ¹aliunde
699 2375 856 2439 accedunt.
899 2376 950 2437 Sia
972 2377 1025 2435 de·

109 2476 241 2541 hortatur
263 2460 415 2569 propbeta
451 2479 489 2571 ab
512 2480 581 2541 aliis·
603 2480 816 2556 religionibus,
837 2500 930 2561 ,quae
952 2482 1024 2543 nihil

108 2584 183 2665 aliud
208 2584 333 2658 iaciunt,
354 2602 446 2663 quam
470 2593 502 2657 ul
523 2584 614 2647 simul
628 2603 748 2665 eorpus.
765 2596 794 2648 el
811 2589 941 2651 animam
966 2592 1050 2650 lru-.

106 2668 166 2751 sira
187 2693 315 2769 latigent
338 2699 368 2751 et
390 2708 451 2768 quo
475 2699 545 2753 sunt
568 2681 749 2764 strictiores,
786 2710 828 2756 ea
846 2697 946 2773 magis
968 2713 1025 2775 par

105 2796 209 2869 vidos,
243 2797 406 2867 sollicitos,
442 2804 472 2858 et
500 2798 683 2876 desperatos
718 2800 846 2873 laeiunt,
881 2809 911 2861 et
943 2804 1024 2863 sieut

101 2903 208 2962 mulier
229 2884 383 2979 profluvia
406 2900 566 2981 sanguinis
582 2905 727 2967 laborans
749 2908 934 2968 medicorum
950 2926 1024 2969 eura

101 3007 202 3085 magis
224 3009 385 3084 aemagls
406 3006 738 3083 obruebatur'morbo,¹
753 3013 793 3072 ita
816 3030 939 3093 quoque
957 3016 1022 3074 tali-

101 3113 160 3174 bus
184 3113 297 3201 studiis
319 3121 449 3191 augetur
469 3114 595 3202 malum,
631 3123 661 3177 el
691 3119 784 3178 eorda
806 3121 937 3181 subinde
959 3139 1024 3181 ma-

101 3221 148 3293 gis
171 3219 309 3296 inquieta
331 3219 505 3282 redduntur.
549 3222 635 3283 Siout
656 3224 714 3283 sub
737 3242 817 3301 papa
840 3228 954 3303 experti
970 3246 1024 3311 su-

101 3340 187 3395 mus,
222 3325 275 3385 ubi
305 3332 376 3402 post
402 3327 646 3399 satisfactiones,
690 3331 861 3417 orationes,
894 3330 1020 3409 jejunia,
1063 3340 1069 3349 “

99 3431 227 3502 missas,
250 3430 511 3511 peregrinationes
533 3432 667 3507 infinitas
689 3436 780 3517 animi
802 3456 861 3500 nnn
881 3439 1022 3517 aequies-

100 3536 223 3609 eebanl‚
245 3537 302 3597 sed
324 3538 513 3615 angebantur
535 3540 669 3617 gravius
713 3542 818 3604 Solum
842 3554 1022 3615 autemverf

172 3759 298 3826 ¹)llrlet
312 3761 368 3813 niel
382 3762 528 3830 praecepte
545 3762 597 3817 Dei
615 3763 745 3821 docenda.
841 3790 844 3795 ·
