<?xml version="1.0" encoding="UTF-8"?>
<!DOCTYPE html PUBLIC "-//W3C//DTD XHTML 1.0 Transitional//EN"
    "http://www.w3.org/TR/xhtml1/DTD/xhtml1-transitional.dtd">
<html xmlns="http://www.w3.org/1999/xhtml" xml:lang="en" lang="en">
 <head>
  <title>
</title>
<meta http-equiv="Content-Type" content="text/html;charset=utf-8" />
  <meta name='ocr-system' content='tesseract 3.04.00' />
  <meta name='ocr-capabilities' content='ocr_page ocr_carea ocr_par ocr_line ocrx_word'/>
</head>
<body>
  <div class='ocr_page' id='page_1' title='image "./exegeticaoperal01luthgoog_0544.png"; bbox 0 0 2258 4170; ppageno 0'>
   <div class='ocr_carea' id='block_1_1' title="bbox 344 70 1047 200">
    <p class='ocr_par' dir='ltr' id='par_1_1' title="bbox 344 70 1047 200">
     <span class='ocr_line' id='line_1_1' title="bbox 344 70 1047 200; baseline -0.001 -24"><span class='ocrx_word' id='word_1_1' title='bbox 344 144 347 149; x_wconf 94' lang='lat'>·</span> <span class='ocrx_word' id='word_1_2' title='bbox 458 88 524 193; x_wconf 76' lang='lat' dir='ltr'><strong>Cap.</strong></span> <span class='ocrx_word' id='word_1_3' title='bbox 545 70 728 178; x_wconf 57' lang='lat' dir='ltr'><strong>sesamae</strong></span> <span class='ocrx_word' id='word_1_4' title='bbox 859 103 886 200; x_wconf 51' lang='lat'><strong>„¹</strong></span> <span class='ocrx_word' id='word_1_5' title='bbox 985 89 1047 175; x_wconf 79' lang='lat'><strong>533</strong></span> 
     </span>
    </p>
   </div>
   <div class='ocr_carea' id='block_1_2' title="bbox 83 280 1119 3225">
    <p class='ocr_par' dir='ltr' id='par_1_2' title="bbox 106 280 1049 386">
     <span class='ocr_line' id='line_1_2' title="bbox 106 280 1049 386; baseline -0.007 -24"><span class='ocrx_word' id='word_1_6' title='bbox 106 280 110 287; x_wconf 49' lang='lat'>¹</span> <span class='ocrx_word' id='word_1_7' title='bbox 180 333 184 340; x_wconf 86' lang='lat'><strong>·</strong></span> <span class='ocrx_word' id='word_1_8' title='bbox 224 295 419 386; x_wconf 75' lang='lat' dir='ltr'><strong>Quidautem</strong></span> <span class='ocrx_word' id='word_1_9' title='bbox 441 285 495 356; x_wconf 82' lang='lat' dir='ltr'><strong>fit&#39;l</strong></span> <span class='ocrx_word' id='word_1_10' title='bbox 515 285 679 372; x_wconf 80' lang='lat' dir='ltr'><strong>resurgens</strong></span> <span class='ocrx_word' id='word_1_11' title='bbox 701 287 1049 376; x_wconf 75' lang='lat' dir='ltr'><strong>a,mcrte,audiont*i,</strong></span> 
     </span>
    </p>

    <p class='ocr_par' dir='ltr' id='par_1_3' title="bbox 104 396 1118 706">
     <span class='ocr_line' id='line_1_3' title="bbox 104 396 1118 480; baseline -0.003 -17"><span class='ocrx_word' id='word_1_12' title='bbox 104 396 206 480; x_wconf 67' lang='lat' dir='ltr'><strong>:ago</strong></span> <span class='ocrx_word' id='word_1_13' title='bbox 229 400 302 466; x_wconf 90' lang='lat' dir='ltr'><strong>sum&#39;</strong></span> <span class='ocrx_word' id='word_1_14' title='bbox 328 400 408 463; x_wconf 82' lang='lat' dir='ltr'><strong>illius</strong></span> <span class='ocrx_word' id='word_1_15' title='bbox 430 400 500 474; x_wconf 90' lang='lat' dir='ltr'><strong>Dei,</strong></span> <span class='ocrx_word' id='word_1_16' title='bbox 536 418 604 463; x_wconf 93' lang='lat' dir='ltr'><strong>sum</strong></span> <span class='ocrx_word' id='word_1_17' title='bbox 626 403 784 475; x_wconf 83' lang='lat' dir='ltr'><strong>innocens.</strong></span> <span class='ocrx_word' id='word_1_18' title='bbox 802 407 832 461; x_wconf 87' lang='lat' dir='ltr'><strong>et</strong></span> <span class='ocrx_word' id='word_1_19' title='bbox 856 400 971 476; x_wconf 75' lang='lat' dir='ltr'><strong>iustus,</strong></span> <span class='ocrx_word' id='word_1_20' title='bbox 993 415 1061 462; x_wconf 75' lang='lat' dir='ltr'><strong>-sc··</strong></span> <span class='ocrx_word' id='word_1_21' title='bbox 1115 422 1118 429; x_wconf 60' lang='lat'><em>¹</em></span> 
     </span>
     <span class='ocr_line' id='line_1_4' title="bbox 134 497 1084 599; baseline -0.011 -28"><span class='ocrx_word' id='word_1_22' title='bbox 134 507 361 594; x_wconf 59' lang='lat' dir='ltr'><strong>duxistindam</strong></span> <span class='ocrx_word' id='word_1_23' title='bbox 383 505 576 593; x_wconf 77' lang='lat' dir='ltr'><strong>inparatiso,</strong></span> <span class='ocrx_word' id='word_1_24' title='bbox 592 497 723 585; x_wconf 76' lang='lat' dir='ltr'><strong>&#39;suscepi</strong></span> <span class='ocrx_word' id='word_1_25' title='bbox 736 511 864 584; x_wconf 86' lang='lat' dir='ltr'><strong>peccata</strong></span> <span class='ocrx_word' id='word_1_26' title='bbox 885 507 978 599; x_wconf 85' lang='lat' dir='ltr'><strong>totius</strong></span> <span class='ocrx_word' id='word_1_27' title='bbox 998 521 1056 586; x_wconf 53' lang='lat' dir='ltr'><strong>geg</strong></span> <span class='ocrx_word' id='word_1_28' title='bbox 1081 556 1084 561; x_wconf 88' lang='lat'><em>.</em></span> 
     </span>
     <span class='ocr_line' id='line_1_5' title="bbox 137 592 1104 706; baseline -0.006 -29"><span class='ocrx_word' id='word_1_29' title='bbox 137 592 224 677; x_wconf 81' lang='lat' dir='ltr'><strong>neris</strong></span> <span class='ocrx_word' id='word_1_30' title='bbox 245 612 369 677; x_wconf 85' lang='lat' dir='ltr'><strong>humaui</strong></span> <span class='ocrx_word' id='word_1_31' title='bbox 397 613 432 674; x_wconf 93' lang='lat' dir='ltr'><strong>in.</strong></span> <span class='ocrx_word' id='word_1_32' title='bbox 457 616 506 674; x_wconf 81' lang='lat' dir='ltr'><strong>m&#39;e</strong></span> <span class='ocrx_word' id='word_1_33' title='bbox 533 604 562 674; x_wconf 88' lang='lat' dir='ltr'><strong>et</strong></span> <span class='ocrx_word' id='word_1_34' title='bbox 584 613 640 675; x_wconf 88' lang='lat' dir='ltr'><strong>leci</strong></span> <span class='ocrx_word' id='word_1_35' title='bbox 664 629 717 673; x_wconf 90' lang='lat' dir='ltr'><strong>me</strong></span> <span class='ocrx_word' id='word_1_36' title='bbox 743 604 901 674; x_wconf 78' lang='lat' dir='ltr'><strong>victimam&#39;</strong></span> <span class='ocrx_word' id='word_1_37' title='bbox 919 627 974 689; x_wconf 89' lang='lat' dir='ltr'><strong>pro</strong></span> <span class='ocrx_word' id='word_1_38' title='bbox 996 610 1104 706; x_wconf 38' lang='lat' dir='ltr'><strong>eis.-</strong></span> 
     </span>
    </p>

    <p class='ocr_par' dir='ltr' id='par_1_4' title="bbox 83 699 1051 799">
     <span class='ocr_line' id='line_1_6' title="bbox 83 699 1051 799; baseline -0.012 -12"><span class='ocrx_word' id='word_1_39' title='bbox 83 699 216 799; x_wconf 48' lang='lat' dir='ltr'><strong>*quid</strong></span> <span class='ocrx_word' id='word_1_40' title='bbox 244 719 360 782; x_wconf 74' lang='lat' dir='ltr'><strong>babes.</strong></span> <span class='ocrx_word' id='word_1_41' title='bbox 379 717 456 795; x_wconf 86' lang='lat' dir='ltr'><strong>juris</strong></span> <span class='ocrx_word' id='word_1_42' title='bbox 484 717 513 779; x_wconf 94' lang='lat' dir='ltr'><strong>in</strong></span> <span class='ocrx_word' id='word_1_43' title='bbox 543 719 612 779; x_wconf 83' lang='lat' dir='ltr'><strong>met</strong></span> <span class='ocrx_word' id='word_1_44' title='bbox 648 718 770 781; x_wconf 87' lang='lat' dir='ltr'><strong>Nescivl</strong></span> <span class='ocrx_word' id='word_1_45' title='bbox 799 726 828 779; x_wconf 83' lang='lat' dir='ltr'><strong>te</strong></span> <span class='ocrx_word' id='word_1_46' title='bbox 856 732 927 780; x_wconf 86' lang='lat' dir='ltr'><strong>esse</strong></span> <span class='ocrx_word' id='word_1_47' title='bbox 957 716 1051 776; x_wconf 77' lang='lat' dir='ltr'><strong>filum</strong></span> 
     </span>
    </p>

    <p class='ocr_par' dir='ltr' id='par_1_5' title="bbox 83 814 1054 1006">
     <span class='ocr_line' id='line_1_7' title="bbox 83 814 1054 902; baseline -0.004 -17"><span class='ocrx_word' id='word_1_48' title='bbox 83 814 98 825; x_wconf 82' lang='grc'><strong><em>’</em></strong></span> <span class='ocrx_word' id='word_1_49' title='bbox 140 822 213 902; x_wconf 67' lang='grc' dir='ltr'><strong>θεὶς</strong></span> <span class='ocrx_word' id='word_1_50' title='bbox 241 825 297 888; x_wconf 91' lang='lat' dir='ltr'><strong>sed</strong></span> <span class='ocrx_word' id='word_1_51' title='bbox 317 824 461 895; x_wconf 76' lang='lat' dir='ltr'><strong>micuisti,</strong></span> <span class='ocrx_word' id='word_1_52' title='bbox 485 824 567 901; x_wconf 86' lang='lat' dir='ltr'><strong>quod</strong></span> <span class='ocrx_word' id='word_1_53' title='bbox 588 824 735 886; x_wconf 81' lang='lat' dir='ltr'><strong>innocens</strong></span> <span class='ocrx_word' id='word_1_54' title='bbox 757 825 816 886; x_wconf 91' lang='lat' dir='ltr'><strong>sim</strong></span> <span class='ocrx_word' id='word_1_55' title='bbox 837 831 867 886; x_wconf 92' lang='lat' dir='ltr'><strong>et</strong></span> <span class='ocrx_word' id='word_1_56' title='bbox 887 823 941 885; x_wconf 86' lang='lat' dir='ltr'><strong>Dei</strong></span> <span class='ocrx_word' id='word_1_57' title='bbox 964 814 1054 892; x_wconf 87' lang='lat' dir='ltr'><strong>filius,</strong></span> 
     </span>
     <span class='ocr_line' id='line_1_8' title="bbox 139 928 1054 1006; baseline -0.004 -14"><span class='ocrx_word' id='word_1_58' title='bbox 139 937 172 992; x_wconf 87' lang='lat' dir='ltr'><strong>ut</strong></span> <span class='ocrx_word' id='word_1_59' title='bbox 192 931 224 992; x_wconf 86' lang='lat' dir='ltr'><strong>ln</strong></span> <span class='ocrx_word' id='word_1_60' title='bbox 245 930 406 1006; x_wconf 81' lang='lat' dir='ltr'><strong>evangelio</strong></span> <span class='ocrx_word' id='word_1_61' title='bbox 429 928 562 1005; x_wconf 81' lang='lat' dir='ltr'><strong>cogitur,</strong></span> <span class='ocrx_word' id='word_1_62' title='bbox 587 932 696 992; x_wconf 86' lang='lat' dir='ltr'><strong>latetur</strong></span> <span class='ocrx_word' id='word_1_63' title='bbox 713 929 833 1006; x_wconf 76' lang='lat' dir='ltr'><strong>iustum</strong></span> <span class='ocrx_word' id='word_1_64' title='bbox 853 936 882 991; x_wconf 92' lang='lat' dir='ltr'><strong>et</strong></span> <span class='ocrx_word' id='word_1_65' title='bbox 904 936 1054 998; x_wconf 88' lang='lat' dir='ltr'><strong>sanctum,</strong></span> 
     </span>
    </p>

    <p class='ocr_par' dir='ltr' id='par_1_6' title="bbox 110 1027 1057 1125">
     <span class='ocr_line' id='line_1_9' title="bbox 110 1027 1057 1125; baseline -0.004 -27"><span class='ocrx_word' id='word_1_66' title='bbox 110 1027 114 1037; x_wconf 81' lang='grc'><em>’</em></span> <span class='ocrx_word' id='word_1_67' title='bbox 140 1051 208 1098; x_wconf 88' lang='lat' dir='ltr'><strong>oum</strong></span> <span class='ocrx_word' id='word_1_68' title='bbox 231 1036 319 1125; x_wconf 82' lang='lat' dir='ltr'><strong>dicit,</strong></span> <span class='ocrx_word' id='word_1_69' title='bbox 346 1035 422 1110; x_wconf 81' lang='lat' dir='ltr'><strong>Quid</strong></span> <span class='ocrx_word' id='word_1_70' title='bbox 445 1035 540 1099; x_wconf 81' lang='lat' dir='ltr'><strong>nobis</strong></span> <span class='ocrx_word' id='word_1_71' title='bbox 564 1043 741 1100; x_wconf 85' lang='lat' dir='ltr'><strong>tecumetc.</strong></span> <span class='ocrx_word' id='word_1_72' title='bbox 785 1035 886 1125; x_wconf 80' lang='lat' dir='ltr'><strong>Quare</strong></span> <span class='ocrx_word' id='word_1_73' title='bbox 906 1032 979 1110; x_wconf 60' lang='lat' dir='ltr'><strong>ergo</strong></span> <span class='ocrx_word' id='word_1_74' title='bbox 1001 1049 1057 1121; x_wconf 61' lang='lat' dir='ltr'><strong>oco</strong></span> 
     </span>
    </p>

    <p class='ocr_par' dir='ltr' id='par_1_7' title="bbox 83 1124 1053 1324">
     <span class='ocr_line' id='line_1_10' title="bbox 83 1124 1053 1229; baseline -0.003 -26"><span class='ocrx_word' id='word_1_75' title='bbox 83 1216 87 1229; x_wconf 36' lang='grc' dir='ltr'>Ι</span> <span class='ocrx_word' id='word_1_76' title='bbox 138 1141 217 1204; x_wconf 84' lang='lat' dir='ltr'><strong>aidis</strong></span> <span class='ocrx_word' id='word_1_77' title='bbox 238 1141 309 1203; x_wconf 79' lang='lat' dir='ltr'><strong>met</strong></span> <span class='ocrx_word' id='word_1_78' title='bbox 331 1140 476 1218; x_wconf 89' lang='lat' dir='ltr'><strong>putabam</strong></span> <span class='ocrx_word' id='word_1_79' title='bbox 498 1147 527 1202; x_wconf 92' lang='lat' dir='ltr'><strong>te</strong></span> <span class='ocrx_word' id='word_1_80' title='bbox 548 1141 677 1203; x_wconf 81' lang='lat' dir='ltr'><strong>similem</strong></span> <span class='ocrx_word' id='word_1_81' title='bbox 698 1141 806 1211; x_wconf 79' lang='lat' dir='ltr'><strong>loanni</strong></span> <span class='ocrx_word' id='word_1_82' title='bbox 821 1124 979 1218; x_wconf 75' lang='lat' dir='ltr'>Baptistae</span> <span class='ocrx_word' id='word_1_83' title='bbox 998 1146 1053 1202; x_wconf 90' lang='lat' dir='ltr'><strong>aut</strong></span> 
     </span>
     <span class='ocr_line' id='line_1_11' title="bbox 137 1228 1053 1324; baseline -0.001 -16"><span class='ocrx_word' id='word_1_84' title='bbox 137 1246 188 1308; x_wconf 91' lang='lat' dir='ltr'><strong>alii</strong></span> <span class='ocrx_word' id='word_1_85' title='bbox 212 1254 320 1309; x_wconf 88' lang='lat' dir='ltr'><strong>sancto</strong></span> <span class='ocrx_word' id='word_1_86' title='bbox 343 1245 521 1324; x_wconf 81' lang='lat' dir='ltr'><strong>propbetas,</strong></span> <span class='ocrx_word' id='word_1_87' title='bbox 543 1247 589 1308; x_wconf 93' lang='lat' dir='ltr'><strong>sic</strong></span> <span class='ocrx_word' id='word_1_88' title='bbox 610 1263 660 1308; x_wconf 89' lang='lat' dir='ltr'><strong>ars</strong></span> <span class='ocrx_word' id='word_1_89' title='bbox 688 1254 782 1309; x_wconf 90' lang='lat' dir='ltr'><strong>artem</strong></span> <span class='ocrx_word' id='word_1_90' title='bbox 810 1246 892 1309; x_wconf 88' lang='lat' dir='ltr'><strong>lallit.</strong></span> <span class='ocrx_word' id='word_1_91' title='bbox 934 1245 978 1306; x_wconf 93' lang='lat' dir='ltr'><strong>lbi</strong></span> <span class='ocrx_word' id='word_1_92' title='bbox 1000 1228 1053 1311; x_wconf 81' lang='lat' dir='ltr'><strong>co·</strong></span> 
     </span>
    </p>

    <p class='ocr_par' dir='ltr' id='par_1_8' title="bbox 95 1351 1055 1535">
     <span class='ocr_line' id='line_1_12' title="bbox 95 1351 1055 1430; baseline -0.002 -16"><span class='ocrx_word' id='word_1_93' title='bbox 95 1368 100 1379; x_wconf 94' lang='lat'>·</span> <span class='ocrx_word' id='word_1_94' title='bbox 136 1354 220 1429; x_wconf 82' lang='lat' dir='ltr'><strong>gitur</strong></span> <span class='ocrx_word' id='word_1_95' title='bbox 244 1352 347 1414; x_wconf 85' lang='lat' dir='ltr'><strong>dicere</strong></span> <span class='ocrx_word' id='word_1_96' title='bbox 369 1359 455 1414; x_wconf 88' lang='lat' dir='ltr'><strong>satan</strong></span> <span class='ocrx_word' id='word_1_97' title='bbox 478 1359 509 1413; x_wconf 89' lang='lat' dir='ltr'><strong>et</strong></span> <span class='ocrx_word' id='word_1_98' title='bbox 529 1368 628 1424; x_wconf 91' lang='lat' dir='ltr'><strong>mors,</strong></span> <span class='ocrx_word' id='word_1_99' title='bbox 650 1351 714 1414; x_wconf 88' lang='lat' dir='ltr'><strong>Nos</strong></span> <span class='ocrx_word' id='word_1_100' title='bbox 736 1353 941 1430; x_wconf 79' lang='lat' dir='ltr'><strong>peccavimus,</strong></span> <span class='ocrx_word' id='word_1_101' title='bbox 963 1367 1055 1421; x_wconf 83' lang='lat' dir='ltr'><strong>accu-</strong></span> 
     </span>
     <span class='ocr_line' id='line_1_13' title="bbox 135 1442 1054 1535; baseline -0.003 -16"><span class='ocrx_word' id='word_1_102' title='bbox 135 1442 290 1520; x_wconf 65' lang='lat' dir='ltr'><strong>savimus‘</strong></span> <span class='ocrx_word' id='word_1_103' title='bbox 301 1458 491 1519; x_wconf 88' lang='lat' dir='ltr'><strong>innocentem</strong></span> <span class='ocrx_word' id='word_1_104' title='bbox 515 1474 686 1535; x_wconf 83' lang='lat' dir='ltr'><strong>personam,</strong></span> <span class='ocrx_word' id='word_1_105' title='bbox 708 1457 876 1519; x_wconf 87' lang='lat' dir='ltr'><strong>occidimus</strong></span> <span class='ocrx_word' id='word_1_106' title='bbox 893 1458 1054 1535; x_wconf 74' lang='lat' dir='ltr'><strong>insontem.</strong></span> 
     </span>
    </p>

    <p class='ocr_par' dir='ltr' id='par_1_9' title="bbox 90 1546 1051 1654">
     <span class='ocr_line' id='line_1_14' title="bbox 90 1546 1051 1654; baseline -0.001 -30"><span class='ocrx_word' id='word_1_107' title='bbox 90 1564 95 1583; x_wconf 82' lang='lat'><em>²</em></span> <span class='ocrx_word' id='word_1_108' title='bbox 134 1563 204 1640; x_wconf 78' lang='lat' dir='ltr'><strong>Ego</strong></span> <span class='ocrx_word' id='word_1_109' title='bbox 227 1565 278 1643; x_wconf 73' lang='lat' dir='ltr'><strong>lex</strong></span> <span class='ocrx_word' id='word_1_110' title='bbox 297 1550 391 1654; x_wconf 72' lang='lat' dir='ltr'><strong>filium</strong></span> <span class='ocrx_word' id='word_1_111' title='bbox 412 1562 482 1625; x_wconf 88' lang='lat' dir='ltr'><strong>Dei·</strong></span> <span class='ocrx_word' id='word_1_112' title='bbox 500 1563 628 1625; x_wconf 80' lang='lat' dir='ltr'><strong>similem</strong></span> <span class='ocrx_word' id='word_1_113' title='bbox 641 1617 643 1620; x_wconf 71' lang='grc'>,</span> <span class='ocrx_word' id='word_1_114' title='bbox 655 1565 716 1626; x_wconf 82' lang='lat' dir='ltr'><strong>¹leci</strong></span> <span class='ocrx_word' id='word_1_115' title='bbox 745 1554 855 1634; x_wconf 84' lang='lat' dir='ltr'><strong>ceteris</strong></span> <span class='ocrx_word' id='word_1_116' title='bbox 875 1546 1051 1625; x_wconf 66' lang='lat' dir='ltr'><strong>latronibus,</strong></span> 
     </span>
    </p>

    <p class='ocr_par' dir='ltr' id='par_1_10' title="bbox 88 1664 1119 2189">
     <span class='ocr_line' id='line_1_15' title="bbox 88 1664 1055 1750; baseline 0 -20"><span class='ocrx_word' id='word_1_117' title='bbox 88 1672 118 1711; x_wconf 33' lang='grc' dir='ltr'><strong>’ἃ</strong></span> <span class='ocrx_word' id='word_1_118' title='bbox 134 1668 273 1750; x_wconf 52' lang='grc' dir='ltr'><strong>Αιιτὶίἕιει</strong></span> <span class='ocrx_word' id='word_1_119' title='bbox 290 1664 381 1746; x_wconf 67' lang='lat' dir='ltr'><strong>igitur</strong></span> <span class='ocrx_word' id='word_1_120' title='bbox 406 1678 437 1732; x_wconf 90' lang='lat' dir='ltr'><strong>te</strong></span> <span class='ocrx_word' id='word_1_121' title='bbox 463 1669 610 1732; x_wconf 78' lang='lat' dir='ltr'><strong>vicissim·</strong></span> <span class='ocrx_word' id='word_1_122' title='bbox 635 1669 808 1730; x_wconf 79' lang='lat' dir='ltr'><strong>damnatam</strong></span> <span class='ocrx_word' id='word_1_123' title='bbox 830 1676 860 1730; x_wconf 88' lang='lat' dir='ltr'><strong>et</strong></span> <span class='ocrx_word' id='word_1_124' title='bbox 879 1669 1002 1731; x_wconf 81' lang='lat' dir='ltr'><strong>fatearis</strong></span> <span class='ocrx_word' id='word_1_125' title='bbox 1023 1664 1055 1731; x_wconf 82' lang='lat' dir='ltr'><strong>te</strong></span> 
     </span>
     <span class='ocr_line' id='line_1_16' title="bbox 135 1752 1055 1853; baseline 0.002 -19"><span class='ocrx_word' id='word_1_126' title='bbox 135 1752 333 1837; x_wconf 77' lang='lat' dir='ltr'><strong>innocentem</strong></span> <span class='ocrx_word' id='word_1_127' title='bbox 362 1775 525 1839; x_wconf 88' lang='lat' dir='ltr'><strong>occidisse.</strong></span> <span class='ocrx_word' id='word_1_128' title='bbox 566 1776 618 1838; x_wconf 90' lang='lat' dir='ltr'><strong>Sic</strong></span> <span class='ocrx_word' id='word_1_129' title='bbox 639 1773 671 1836; x_wconf 89' lang='lat' dir='ltr'><strong>ut</strong></span> <span class='ocrx_word' id='word_1_130' title='bbox 695 1775 758 1853; x_wconf 80' lang='lat' dir='ltr'><strong>jnm</strong></span> <span class='ocrx_word' id='word_1_131' title='bbox 780 1792 840 1838; x_wconf 90' lang='lat' dir='ltr'><strong>noo</strong></span> <span class='ocrx_word' id='word_1_132' title='bbox 863 1776 961 1837; x_wconf 91' lang='lat' dir='ltr'><strong>solum</strong></span> <span class='ocrx_word' id='word_1_133' title='bbox 983 1774 1055 1852; x_wconf 77' lang='lat' dir='ltr'><strong>p&#39;sc·</strong></span> 
     </span>
     <span class='ocr_line' id='line_1_17' title="bbox 135 1860 1053 1973; baseline 0.001 -32"><span class='ocrx_word' id='word_1_134' title='bbox 135 1881 262 1973; x_wconf 73' lang='lat' dir='ltr'><strong>caveris</strong></span> <span class='ocrx_word' id='word_1_135' title='bbox 284 1880 319 1941; x_wconf 91' lang='lat' dir='ltr'><strong>in</strong></span> <span class='ocrx_word' id='word_1_136' title='bbox 335 1895 498 1957; x_wconf 82' lang='lat' dir='ltr'><strong>personam</strong></span> <span class='ocrx_word' id='word_1_137' title='bbox 519 1880 718 1954; x_wconf 77' lang='lat' dir='ltr'><strong>innocentem,</strong></span> <span class='ocrx_word' id='word_1_138' title='bbox 745 1881 801 1943; x_wconf 89' lang='lat' dir='ltr'><strong>sed</strong></span> <span class='ocrx_word' id='word_1_139' title='bbox 822 1880 851 1941; x_wconf 93' lang='lat' dir='ltr'><strong>in</strong></span> <span class='ocrx_word' id='word_1_140' title='bbox 873 1860 966 1941; x_wconf 84' lang='lat' dir='ltr'><strong>fllium</strong></span> <span class='ocrx_word' id='word_1_141' title='bbox 988 1880 1053 1951; x_wconf 83' lang='lat' dir='ltr'><strong>Dei.</strong></span> 
     </span>
     <span class='ocr_line' id='line_1_18' title="bbox 136 1982 1055 2063; baseline -0.001 -15"><span class='ocrx_word' id='word_1_142' title='bbox 136 1986 193 2048; x_wconf 90' lang='lat' dir='ltr'><strong>Sic</strong></span> <span class='ocrx_word' id='word_1_143' title='bbox 217 2001 300 2048; x_wconf 89' lang='lat' dir='ltr'><strong>mors</strong></span> <span class='ocrx_word' id='word_1_144' title='bbox 328 2001 400 2049; x_wconf 88' lang='lat' dir='ltr'><strong>sesa</strong></span> <span class='ocrx_word' id='word_1_145' title='bbox 423 1986 547 2059; x_wconf 88' lang='lat' dir='ltr'><strong>occidit,</strong></span> <span class='ocrx_word' id='word_1_146' title='bbox 580 1986 721 2049; x_wconf 86' lang='lat' dir='ltr'><strong>diabolus</strong></span> <span class='ocrx_word' id='word_1_147' title='bbox 752 2003 824 2050; x_wconf 90' lang='lat' dir='ltr'><strong>sese</strong></span> <span class='ocrx_word' id='word_1_148' title='bbox 845 1982 1055 2063; x_wconf 82' lang='lat' dir='ltr'><strong>strangulavit,</strong></span> 
     </span>
     <span class='ocr_line' id='line_1_19' title="bbox 136 2076 1119 2189; baseline -0.001 -37"><span class='ocrx_word' id='word_1_149' title='bbox 136 2092 276 2189; x_wconf 74' lang='lat' dir='ltr'><strong>iuremus</strong></span> <span class='ocrx_word' id='word_1_150' title='bbox 297 2076 370 2177; x_wconf 75' lang='lat' dir='ltr'><strong>epse</strong></span> <span class='ocrx_word' id='word_1_151' title='bbox 391 2092 543 2170; x_wconf 89' lang='lat' dir='ltr'><strong>spoliavit.</strong></span> <span class='ocrx_word' id='word_1_152' title='bbox 1116 2086 1119 2094; x_wconf 70' lang='lat'>‘</span> 
     </span>
    </p>

    <p class='ocr_par' dir='ltr' id='par_1_11' title="bbox 131 2186 1090 2908">
     <span class='ocr_line' id='line_1_20' title="bbox 225 2186 1090 2275; baseline 0.002 -17"><span class='ocrx_word' id='word_1_153' title='bbox 225 2196 290 2259; x_wconf 88' lang='lat' dir='ltr'><strong>llbc</strong></span> <span class='ocrx_word' id='word_1_154' title='bbox 311 2196 464 2275; x_wconf 85' lang='lat' dir='ltr'><strong>estquod</strong></span> <span class='ocrx_word' id='word_1_155' title='bbox 486 2196 558 2259; x_wconf 68' lang='lat' dir='ltr'><strong>tacit</strong></span> <span class='ocrx_word' id='word_1_156' title='bbox 578 2186 689 2260; x_wconf 80' lang='lat' dir='ltr'><strong>Esaias</strong></span> <span class='ocrx_word' id='word_1_157' title='bbox 710 2213 778 2275; x_wconf 83' lang='lat' dir='ltr'><strong>cap.</strong></span> <span class='ocrx_word' id='word_1_158' title='bbox 800 2195 961 2269; x_wconf 74' lang='lat' dir='ltr'><strong>laruas</strong></span> <span class='ocrx_word' id='word_1_159' title='bbox 982 2205 1054 2260; x_wconf 91' lang='lat' dir='ltr'><strong>tuos</strong></span> <span class='ocrx_word' id='word_1_160' title='bbox 1087 2187 1090 2196; x_wconf 75' lang='grc'>’</span> 
     </span>
     <span class='ocr_line' id='line_1_21' title="bbox 137 2287 1055 2380; baseline 0.001 -17"><span class='ocrx_word' id='word_1_161' title='bbox 137 2302 273 2364; x_wconf 84' lang='lat' dir='ltr'><strong>salvabo</strong></span> <span class='ocrx_word' id='word_1_162' title='bbox 294 2309 323 2373; x_wconf 88' lang='lat' dir='ltr'><strong>et</strong></span> <span class='ocrx_word' id='word_1_163' title='bbox 343 2301 451 2363; x_wconf 86' lang='lat' dir='ltr'><strong>hostes</strong></span> <span class='ocrx_word' id='word_1_164' title='bbox 479 2301 590 2365; x_wconf 90' lang='lat' dir='ltr'><strong>cibabo</strong></span> <span class='ocrx_word' id='word_1_165' title='bbox 617 2320 674 2367; x_wconf 89' lang='lat' dir='ltr'><strong>suo</strong></span> <span class='ocrx_word' id='word_1_166' title='bbox 697 2287 852 2380; x_wconf 78' lang='lat' dir='ltr'><strong>sanguine.</strong></span> <span class='ocrx_word' id='word_1_167' title='bbox 897 2302 1055 2375; x_wconf 85' lang='lat' dir='ltr'><strong>Diabolus,</strong></span> 
     </span>
     <span class='ocr_line' id='line_1_22' title="bbox 138 2398 1055 2489; baseline 0.002 -21"><span class='ocrx_word' id='word_1_168' title='bbox 138 2423 235 2480; x_wconf 87' lang='lat' dir='ltr'><strong>mors,</strong></span> <span class='ocrx_word' id='word_1_169' title='bbox 258 2414 416 2484; x_wconf 85' lang='lat' dir='ltr'><strong>paccatum</strong></span> <span class='ocrx_word' id='word_1_170' title='bbox 438 2425 473 2470; x_wconf 93' lang='lat' dir='ltr'><strong>se</strong></span> <span class='ocrx_word' id='word_1_171' title='bbox 494 2409 581 2485; x_wconf 90' lang='lat' dir='ltr'><strong>ipsas</strong></span> <span class='ocrx_word' id='word_1_172' title='bbox 603 2416 799 2480; x_wconf 87' lang='lat' dir='ltr'><strong>consumunt,</strong></span> <span class='ocrx_word' id='word_1_173' title='bbox 832 2398 904 2489; x_wconf 77' lang='lat' dir='ltr'><strong>quia</strong></span> <span class='ocrx_word' id='word_1_174' title='bbox 926 2409 1055 2470; x_wconf 83' lang='lat' dir='ltr'><strong>damna-</strong></span> 
     </span>
     <span class='ocr_line' id='line_1_23' title="bbox 137 2509 1052 2593; baseline 0 -19"><span class='ocrx_word' id='word_1_175' title='bbox 137 2509 272 2577; x_wconf 84' lang='lat' dir='ltr'><strong>biles,in</strong></span> <span class='ocrx_word' id='word_1_176' title='bbox 293 2522 461 2591; x_wconf 86' lang='lat' dir='ltr'><strong>conspectu</strong></span> <span class='ocrx_word' id='word_1_177' title='bbox 482 2515 537 2576; x_wconf 79' lang='lat' dir='ltr'><strong>liei</strong></span> <span class='ocrx_word' id='word_1_178' title='bbox 558 2531 617 2576; x_wconf 90' lang='lat' dir='ltr'><strong>suo</strong></span> <span class='ocrx_word' id='word_1_179' title='bbox 639 2516 776 2593; x_wconf 91' lang='lat' dir='ltr'><strong>ipsorum</strong></span> <span class='ocrx_word' id='word_1_180' title='bbox 795 2513 909 2593; x_wconf 86' lang='lat' dir='ltr'><strong>judicio</strong></span> <span class='ocrx_word' id='word_1_181' title='bbox 923 2521 961 2576; x_wconf 84' lang='lat' dir='ltr'><strong>et</strong></span> <span class='ocrx_word' id='word_1_182' title='bbox 982 2530 1052 2576; x_wconf 89' lang='lat' dir='ltr'><strong>sen-</strong></span> 
     </span>
     <span class='ocr_line' id='line_1_24' title="bbox 139 2616 1053 2697; baseline 0.004 -19"><span class='ocrx_word' id='word_1_183' title='bbox 139 2619 244 2680; x_wconf 88' lang='lat' dir='ltr'><strong>tentia.</strong></span> <span class='ocrx_word' id='word_1_184' title='bbox 287 2616 366 2694; x_wconf 74' lang='lat' dir='ltr'><strong>argo</strong></span> <span class='ocrx_word' id='word_1_185' title='bbox 393 2635 451 2681; x_wconf 90' lang='lat' dir='ltr'><strong>nec</strong></span> <span class='ocrx_word' id='word_1_186' title='bbox 478 2626 690 2697; x_wconf 85' lang='lat' dir='ltr'><strong>nospossum</strong></span> <span class='ocrx_word' id='word_1_187' title='bbox 711 2620 740 2680; x_wconf 97' lang='lat' dir='ltr'><strong>in</strong></span> <span class='ocrx_word' id='word_1_188' title='bbox 762 2617 883 2682; x_wconf 80' lang='lat' dir='ltr'><strong>curisve</strong></span> <span class='ocrx_word' id='word_1_189' title='bbox 905 2619 1053 2693; x_wconf 87' lang='lat' dir='ltr'><strong>occidere,</strong></span> 
     </span>
     <span class='ocr_line' id='line_1_25' title="bbox 131 2710 1054 2804; baseline -0.001 -15"><span class='ocrx_word' id='word_1_190' title='bbox 131 2710 192 2802; x_wconf 52' lang='lat' dir='ltr'><strong>,qui</strong></span> <span class='ocrx_word' id='word_1_191' title='bbox 216 2724 244 2784; x_wconf 93' lang='lat' dir='ltr'><strong>in</strong></span> <span class='ocrx_word' id='word_1_192' title='bbox 267 2721 420 2786; x_wconf 82' lang='lat' dir='ltr'><strong>christum</strong></span> <span class='ocrx_word' id='word_1_193' title='bbox 443 2725 606 2788; x_wconf 78' lang='lat' dir='ltr'><strong>credimus.</strong></span> <span class='ocrx_word' id='word_1_194' title='bbox 648 2725 710 2787; x_wconf 85' lang='lat' dir='ltr'><strong>lsta</strong></span> <span class='ocrx_word' id='word_1_195' title='bbox 731 2725 857 2787; x_wconf 89' lang='lat' dir='ltr'><strong>victoria</strong></span> <span class='ocrx_word' id='word_1_196' title='bbox 880 2743 934 2804; x_wconf 91' lang='lat' dir='ltr'><strong>per</strong></span> <span class='ocrx_word' id='word_1_197' title='bbox 952 2712 1054 2788; x_wconf 75' lang='lat' dir='ltr'><strong>Chris·</strong></span> 
     </span>
     <span class='ocr_line' id='line_1_26' title="bbox 138 2824 1055 2908; baseline 0.001 -18"><span class='ocrx_word' id='word_1_198' title='bbox 138 2837 205 2891; x_wconf 89' lang='lat' dir='ltr'><strong>tum</strong></span> <span class='ocrx_word' id='word_1_199' title='bbox 238 2824 349 2906; x_wconf 76' lang='lat' dir='ltr'><strong>parta,¹</strong></span> <span class='ocrx_word' id='word_1_200' title='bbox 368 2829 508 2892; x_wconf 87' lang='lat' dir='ltr'><strong>mirabile</strong></span> <span class='ocrx_word' id='word_1_201' title='bbox 538 2847 617 2908; x_wconf 89' lang='lat' dir='ltr'><strong>opus</strong></span> <span class='ocrx_word' id='word_1_202' title='bbox 650 2831 907 2894; x_wconf 88' lang='lat' dir='ltr'><strong>iniucarnationc</strong></span> <span class='ocrx_word' id='word_1_203' title='bbox 935 2830 1055 2905; x_wconf 79' lang='lat' dir='ltr'><strong>christi,</strong></span> 
     </span>
    </p>

    <p class='ocr_par' dir='ltr' id='par_1_12' title="bbox 92 2923 1106 3123">
     <span class='ocr_line' id='line_1_27' title="bbox 92 2923 1106 3023; baseline 0.003 -28"><span class='ocrx_word' id='word_1_204' title='bbox 92 2964 97 2971; x_wconf 89' lang='lat'>·</span> <span class='ocrx_word' id='word_1_205' title='bbox 137 2934 222 3012; x_wconf 87' lang='lat' dir='ltr'><strong>quod</strong></span> <span class='ocrx_word' id='word_1_206' title='bbox 250 2942 298 2997; x_wconf 91' lang='lat' dir='ltr'><strong>est</strong></span> <span class='ocrx_word' id='word_1_207' title='bbox 326 2923 477 2997; x_wconf 72' lang='lat' dir='ltr'><strong>ineffabile</strong></span> <span class='ocrx_word' id='word_1_208' title='bbox 497 2936 625 3009; x_wconf 86' lang='lat' dir='ltr'><strong>donum,</strong></span> <span class='ocrx_word' id='word_1_209' title='bbox 657 2937 857 2999; x_wconf 85' lang='lat' dir='ltr'><strong>inenarrabile</strong></span> <span class='ocrx_word' id='word_1_210' title='bbox 885 2937 1053 3008; x_wconf 88' lang='lat' dir='ltr'><strong>consilium,</strong></span> <span class='ocrx_word' id='word_1_211' title='bbox 1098 2976 1106 3023; x_wconf 34' lang='grc'><strong>,-</strong></span> 
     </span>
     <span class='ocr_line' id='line_1_28' title="bbox 138 3039 1054 3123; baseline 0.004 -24"><span class='ocrx_word' id='word_1_212' title='bbox 138 3039 199 3102; x_wconf 93' lang='lat' dir='ltr'><strong>nisi</strong></span> <span class='ocrx_word' id='word_1_213' title='bbox 218 3047 368 3123; x_wconf 17' lang='lat' dir='ltr'><strong>*quantum</strong></span> <span class='ocrx_word' id='word_1_214' title='bbox 392 3057 445 3119; x_wconf 89' lang='lat' dir='ltr'><strong>pro</strong></span> <span class='ocrx_word' id='word_1_215' title='bbox 476 3041 681 3104; x_wconf 85' lang='lat' dir='ltr'><strong>confirmanda</strong></span> <span class='ocrx_word' id='word_1_216' title='bbox 703 3039 763 3104; x_wconf 85' lang='lat' dir='ltr'><strong>fide</strong></span> <span class='ocrx_word' id='word_1_217' title='bbox 784 3050 815 3104; x_wconf 86' lang='lat' dir='ltr'><strong>et</strong></span> <span class='ocrx_word' id='word_1_218' title='bbox 837 3051 960 3106; x_wconf 89' lang='lat' dir='ltr'><strong>aeterna</strong></span> <span class='ocrx_word' id='word_1_219' title='bbox 982 3042 1054 3115; x_wconf 83' lang='lat' dir='ltr'><strong>vita,</strong></span> 
     </span>
    </p>

    <p class='ocr_par' dir='ltr' id='par_1_13' title="bbox 99 3145 651 3225">
     <span class='ocr_line' id='line_1_29' title="bbox 99 3145 651 3225; baseline 0.007 -19"><span class='ocrx_word' id='word_1_220' title='bbox 99 3163 104 3185; x_wconf 80' lang='lat'><strong>¹</strong></span> <span class='ocrx_word' id='word_1_221' title='bbox 139 3152 243 3207; x_wconf 86' lang='lat' dir='ltr'><strong>tamen</strong></span> <span class='ocrx_word' id='word_1_222' title='bbox 266 3145 306 3206; x_wconf 89' lang='lat' dir='ltr'><strong>de</strong></span> <span class='ocrx_word' id='word_1_223' title='bbox 326 3163 364 3208; x_wconf 88' lang='lat' dir='ltr'><strong>eo</strong></span> <span class='ocrx_word' id='word_1_224' title='bbox 386 3147 572 3225; x_wconf 90' lang='lat' dir='ltr'><strong>loquendum</strong></span> <span class='ocrx_word' id='word_1_225' title='bbox 594 3155 651 3211; x_wconf 86' lang='lat' dir='ltr'><strong>est.</strong></span> 
     </span>
    </p>
   </div>
   <div class='ocr_carea' id='block_1_3' title="bbox 309 3298 928 3395">
    <p class='ocr_par' dir='ltr' id='par_1_14' title="bbox 309 3298 928 3395">
     <span class='ocr_line' id='line_1_30' title="bbox 309 3298 928 3395; baseline -0.002 -31"><span class='ocrx_word' id='word_1_226' title='bbox 309 3298 352 3365; x_wconf 86' lang='lat' dir='ltr'><strong>Et</strong></span> <span class='ocrx_word' id='word_1_227' title='bbox 374 3312 537 3395; x_wconf 85' lang='lat' dir='ltr'><strong>peccata</strong></span> <span class='ocrx_word' id='word_1_228' title='bbox 559 3307 759 3371; x_wconf 88' lang='lat' dir='ltr'><strong>multorum</strong></span> <span class='ocrx_word' id='word_1_229' title='bbox 782 3306 879 3366; x_wconf 90' lang='lat' dir='ltr'><strong>tulit.</strong></span> <span class='ocrx_word' id='word_1_230' title='bbox 924 3353 928 3363; x_wconf 90' lang='lat'>.</span> 
     </span>
    </p>
   </div>
   <div class='ocr_carea' id='block_1_4' title="bbox 84 3407 1094 3633">
    <p class='ocr_par' dir='ltr' id='par_1_15' title="bbox 84 3407 1094 3633">
     <span class='ocr_line' id='line_1_31' title="bbox 221 3407 1053 3513; baseline 0.001 -20"><span class='ocrx_word' id='word_1_231' title='bbox 221 3432 352 3509; x_wconf 89' lang='lat' dir='ltr'><strong>Semper</strong></span> <span class='ocrx_word' id='word_1_232' title='bbox 372 3432 452 3513; x_wconf 75' lang='lat' dir='ltr'><strong>idem</strong></span> <span class='ocrx_word' id='word_1_233' title='bbox 473 3435 599 3511; x_wconf 88' lang='lat' dir='ltr'><strong>repetit,</strong></span> <span class='ocrx_word' id='word_1_234' title='bbox 625 3407 795 3511; x_wconf 54' lang='lat' dir='ltr'><strong>¹reputatus</strong></span> <span class='ocrx_word' id='word_1_235' title='bbox 818 3434 873 3510; x_wconf 84' lang='lat' dir='ltr'><strong>&#39;pro</strong></span> <span class='ocrx_word' id='word_1_236' title='bbox 895 3420 1053 3505; x_wconf 79' lang='lat' dir='ltr'><strong>scelerato,</strong></span> 
     </span>
     <span class='ocr_line' id='line_1_32' title="bbox 84 3537 1094 3633; baseline 0.001 -35"><span class='ocrx_word' id='word_1_237' title='bbox 84 3606 87 3611; x_wconf 54' lang='grc'>,</span> <span class='ocrx_word' id='word_1_238' title='bbox 138 3545 298 3615; x_wconf 75' lang='lat' dir='ltr'><strong>peccator,</strong></span> <span class='ocrx_word' id='word_1_239' title='bbox 315 3545 415 3614; x_wconf 86' lang='lat' dir='ltr'><strong>portat</strong></span> <span class='ocrx_word' id='word_1_240' title='bbox 436 3538 613 3633; x_wconf 83' lang='lat' dir='ltr'><strong>iniquitates</strong></span> <span class='ocrx_word' id='word_1_241' title='bbox 635 3555 756 3611; x_wconf 88' lang='lat' dir='ltr'><strong>omues,</strong></span> <span class='ocrx_word' id='word_1_242' title='bbox 783 3554 888 3599; x_wconf 90' lang='lat' dir='ltr'><strong>verum</strong></span> <span class='ocrx_word' id='word_1_243' title='bbox 909 3545 973 3610; x_wconf 89' lang='lat' dir='ltr'><strong>est,</strong></span> <span class='ocrx_word' id='word_1_244' title='bbox 995 3537 1050 3599; x_wconf 76' lang='lat' dir='ltr'><strong>se&#39;d</strong></span> <span class='ocrx_word' id='word_1_245' title='bbox 1091 3616 1094 3622; x_wconf 26' lang='grc' dir='ltr'>Ι</span> 
     </span>
    </p>
   </div>
   <div class='ocr_carea' id='block_1_5' title="bbox 127 3678 1051 3767">
    <p class='ocr_par' dir='ltr' id='par_1_16' title="bbox 83 3668 1051 3767">
     <span class='ocr_line' id='line_1_33' title="bbox 127 3678 1051 3767; baseline 0.001 -22.955"><span class='ocrx_word' id='word_1_246' title='bbox 127 3702 130 3708; x_wconf 89' lang='grc'><strong>’</strong></span> <span class='ocrx_word' id='word_1_247' title='bbox 166 3691 202 3767; x_wconf 57' lang='lat' dir='ltr'><strong>f)</strong></span> <span class='ocrx_word' id='word_1_248' title='bbox 221 3689 249 3743; x_wconf 87' lang='lat' dir='ltr'><strong>ln</strong></span> <span class='ocrx_word' id='word_1_249' title='bbox 268 3689 489 3749; x_wconf 74' lang='lat' dir='ltr'><strong>edit.Witteurb.t</strong></span> <span class='ocrx_word' id='word_1_250' title='bbox 508 3698 692 3759; x_wconf 70' lang='lat' dir='ltr'><strong>resurgentem</strong></span> <span class='ocrx_word' id='word_1_251' title='bbox 703 3705 718 3743; x_wconf 85' lang='lat' dir='ltr'><strong>a</strong></span> <span class='ocrx_word' id='word_1_252' title='bbox 729 3678 814 3743; x_wconf 78' lang='lat' dir='ltr'><strong>morte</strong></span> <span class='ocrx_word' id='word_1_253' title='bbox 828 3689 916 3745; x_wconf 82' lang='lat' dir='ltr'><strong>dicere</strong></span> <span class='ocrx_word' id='word_1_254' title='bbox 933 3688 1051 3745; x_wconf 81' lang='lat' dir='ltr'><strong>audiunt.</strong></span> 
     </span>
    </p>
   </div>
   <div class='ocr_carea' id='block_1_6' title="bbox 364 4008 373 4043">
    <p class='ocr_par' dir='ltr' id='par_1_17' title="bbox 364 4008 373 4043">
     <span class='ocr_line' id='line_1_34' title="bbox 364 4008 373 4043; baseline 0 0"><span class='ocrx_word' id='word_1_255' title='bbox 364 4008 373 4043; x_wconf 88' lang='lat' dir='ltr'><strong>l</strong></span> 
     </span>
    </p>
   </div>
   <div class='ocr_carea' id='block_1_7' title="bbox 0 0 1140 4170">
    <p class='ocr_par' dir='ltr' id='par_1_18' title="bbox 0 0 1140 4170">
     <span class='ocr_line' id='line_1_35' title="bbox 0 0 1140 4170; baseline 0 0"><span class='ocrx_word' id='word_1_256' title='bbox 0 0 1140 4170; x_wconf 95' lang='lat' dir='ltr'><strong> </strong></span> 
     </span>
    </p>
   </div>
  </div>
 </body>
</html>
